3825 5734
2957 525 3043 588 45

435 726 654 792 fovea
710 731 934 796 media
984 731 1176 797 valde
1227 733 1566 818 profunda,
1613 745 2008 810 transversa,
2072 734 2285 800 sulcos
2352 737 2585 800 emit-tit
2644 735 2809 800 duos
2872 749 3043 802 retro

435 845 503 896 et
555 835 880 919 paullulo
927 837 1100 902 foras
1156 839 1456 924 directos,
1516 842 1626 926 qui
1690 841 2107 906 eminentiam
2174 842 2491 924 obtusam,
2552 865 2783 928 parum
2846 866 3041 929 quam

435 953 678 1028 partes
733 944 1039 1009 laterales
1087 945 1461 1011 adiacentes
1509 947 1804 1012 altiorem
1869 947 2243 1030 includunt3
2303 949 2761 1035 impressiones
2809 949 3041 1036 cepha-

434 1047 620 1114 licae
673 1051 1077 1137 profundae3
1139 1054 1502 1118 secundum
1567 1054 1891 1138 margines
1952 1053 2253 1118 laterales
2309 1054 2809 1141 cephalothorax
2860 1056 3041 1121 sulco

437 1156 618 1220 bene
658 1180 980 1244 expresso
1026 1173 1310 1224 ornatur.
1357 1159 1644 1248 Clypeus
1683 1162 1832 1225 0258
1881 1159 2131 1245 longus.
2181 1161 2475 1225 declivis⁸
2508 1164 2679 1226 Area
2726 1165 3041 1228 oculorum

437 1264 604 1327 0⁴52
641 1263 804 1328 lata.
852 1265 1043 1330 Oculi
1077 1267 1276 1330 medii
1310 1267 1538 1352 postici
1575 1268 1742 1330 inter
1791 1289 1860 1332 sc
1908 1289 2001 1332 ca.
2039 1269 2120 1352 ‘7¹4
2170 1267 2469 1332 diametri
2519 1269 2806 1353 minoriS‚
2855 1293 2893 1333 a
2927 1293 3037 1354 po-

439 1371 640 1435 sticis
707 1371 1088 1437 lateralibus
1143 1373 1414 1436 dimidia
1477 1374 1599 1438 hac
1662 1373 1977 1438 diametro
2038 1387 2101 1439 et
2146 1375 2337 1462 triplo
2384 1374 2641 1461 longius
2702 1399 2891 1461 quam
2956 1376 3038 1440 ab

439 1479 705 1542 anticis
756 1479 1134 1544 lateralibus
1183 1482 1434 1560 remoti3
1507 1483 1707 1545 series
1753 1481 2092 1572 oculorum
2134 1484 2349 1546 antica
2396 1481 2629 1546 leviter
2674 1495 3037 1568 recurvata,

441 1587 882 1670 marginibus
929 1586 1349 1652 inferioribus
1397 1588 1730 1652 oculorum
1777 1587 2019 1653 lineam
2068 1611 2293 1674 parum
2346 1588 2646 1653 deorsum
2698 1601 3036 1654 curvatam

440 1691 995 1777 designantibus3
1043 1715 1194 1758 area
1241 1694 1576 1758 oculorum
1623 1695 1983 1759 mediorum
2036 1717 2199 1780 pone
2248 1697 2373 1778 2¹1&
2426 1695 2618 1759 latior
2661 1719 2855 1782 quam
2888 1707 3037 1762 ante

442 1809 509 1862 et
557 1799 855 1864 dimidio
903 1801 1092 1865 latior
1139 1823 1330 1888 quam
1380 1799 1649 1886 longior.
1711 1803 2118 1866 Mandibulae
2178 1804 2327 1868 0252
2390 1801 2639 1888 longae,
2702 1807 3033 1868 armatura¹

440 1905 804 1970 ordinaria
827 1909 892 1987 ¹).
949 1907 1292 1991 Palporum
1337 1930 1487 1994 pars
1533 1907 1866 1995 patellaris
1913 1909 2082 1990 023,
2130 1909 2373 1972 tibialis
2423 1932 2620 1997 supra
2664 1912 2833 1988 034,
2883 1910 3033 1974 sub-

439 2025 549 2074 ter
617 2012 823 2077 modo
875 2015 1015 2078 02‘21
1086 2013 1296 2097 longa,
1365 2015 1616 2098 apicem
1679 2037 1908 2080 versus
1972 2013 2202 2080 leviter
2263 2017 2642 2101 incrassata,
2707 2018 2893 2103 apice
2958 2039 3035 2080 ca

441 2119 606 2184 0·18
665 2141 906 2194 crassaq
955 2143 1104 2206 pars
1137 2120 1394 2185 tarsalis
1426 2125 1576 2186 0·ὗο
1608 2121 1818 2206 longa,
1869 2122 2009 2186 basi
2041 2123 2191 2186 045
2226 2144 2464 2200 crassa,
2512 2124 2763 2208 apicem
2804 2145 3033 2188 versus

443 2223 660 2311 longe
695 2226 1120 2312 aequabiliter
1149 2238 1496 2313 attenuata,
1545 2228 1791 2310 conica,
1837 2229 2023 2314 apice
2055 2250 2285 2314 parum
2318 2228 2509 2292 modo
2540 2229 2787 2294 obtusa.
2839 2231 3028 2296 Pedes

445 2336 512 2412 (a
563 2332 718 2396 basi
771 2333 1062 2417 femoris)
1108 2335 1159 2397 I.
1209 2335 1311 2417 29,
1358 2335 1443 2399 II.
1491 2336 1657 2418 2152
1721 2335 1840 2399 III.
1893 2339 1994 2416 17,
2050 2334 2165 2398 IV.
2236 2337 2377 2400 195
2438 2359 2589 2398 mm.
2654 2334 2848 2419 longi.
2912 2338 3034 2400 Ab·

446 2443 686 2506 domen
733 2443 836 2506 25
885 2441 1172 2524 longum,
1230 2444 1334 2507 20
1379 2440 1600 2524 latum,
1661 2443 1730 2504 in
1796 2441 2009 2506 medio
2058 2443 2161 2507 20
2207 2442 2426 2524 altum?
2490 2442 2767 2528 desuper
2813 2443 3029 2506 visum

447 2547 588 2613 late
642 2559 927 2631 ovatum,
991 2571 1028 2612 a
1075 2549 1273 2613 latere
1335 2549 1548 2612 visum
1615 2559 1842 2612 ventre
1903 2561 2077 2613 retro
2132 2559 2193 2614 et
2240 2572 2371 2612 non
2433 2571 2659 2633 parum
2725 2549 3029 2614 deorsum

451 2655 734 2738 directO,
781 2655 972 2720 dorso
1021 2679 1058 2719 a
1105 2654 1472 2740 pedunculo
1519 2677 1723 2742 usque
1772 2655 1908 2718 fere
1955 2655 2037 2718 ad
2086 2655 2409 2719 mamillas
2459 2656 2710 2718 fortiter
2742 2667 2804 2719 et
2840 2655 3027 2719 modo

449 2763 909 2849 aequabiliter,
975 2763 1164 2826 modo
1226 2763 1294 2825 in
1358 2773 1542 2848 parte
1605 2762 1957 2846 posteriore
2018 2762 2250 2827 fortius
2298 2773 2579 2844 arcuato3
2642 2784 2839 2848 supra
2895 2785 3032 2825 ma—

453 2870 684 2934 millas
730 2869 1020 2957 paullulo
1067 2869 1492 2956 impendenti;
1557 2868 1886 2932 mamillae
1949 2870 2199 2957 apicem
2264 2871 2409 2933 coni
2458 2869 2678 2933 brevis
2726 2869 3027 2932 deorsum

453 2977 600 3042 fere
637 2977 868 3043 directi
901 2987 1237 3064 occupant,
1285 2978 1566 3062 epigyne
1615 2989 1825 3040 autem
1876 2976 2065 3041 tuber
2097 2999 2406 3061 magnum
2438 2976 2741 3040 obtusum
2775 2974 3027 3038 format.

451 3085 694 3168 Margo
744 3086 1028 3170 posticas
1083 3085 1404 3172 epigynae
1455 3083 1534 3168 ²73
1585 3095 1696 3146 aut
1745 3083 2032 3147 medium
2094 3082 2233 3148 fere
2296 3085 2485 3169 spatii
2547 3081 2915 3169 pedunculo
2964 3093 3029 3146 et

453 3189 772 3254 mamillis
820 3191 1140 3255 interiecti
1189 3191 1464 3276 attingit.
1514 3193 1869 3276 Aspec’tum
1917 3188 2135 3277 paullo
2168 3189 2546 3254 mutabilem
2593 3188 2861 3276 praebet
2898 3191 3027 3272 epi-

447 3321 642 3381 yyne:
690 3298 756 3360 in
806 3297 1122 3383 exemplis
1170 3297 1438 3380 (luobus,
1504 3319 1668 3383 quae
1717 3297 1870 3380 vidi,
1928 3298 2096 3360 inter
2144 3295 2471 3360 lamellam
2518 3297 2840 3382 epigynac
2887 3317 3026 3359 cor·

453 3427 653 3468 neam
718 3414 782 3468 et
849 3406 1212 3486 marginem
1275 3405 1523 3468 ventris
1584 3405 1829 3490 proprii
1892 3403 2205 3491 (paullulo
2254 3403 2626 3467 induratum
2692 3416 2753 3466 et
2816 3402 3028 3465 colore

453 3511 656 3575 badio
704 3511 1048 3594 suffusum)
1094 3523 1309 3597 partes
1355 3511 1672 3596 quaedam
1711 3510 1937 3575 molles
1968 3509 2499 3574 membranaceae
2546 3508 2823 3596 pallidae
2872 3531 3026 3573 con—

453 3619 832 3706 spiciuntur
879 3630 940 3681 et
989 3619 1266 3704 spatium
1315 3618 1463 3703 plus
1520 3619 1818 3680 minusve
1868 3640 2177 3702 magnum
2239 3627 2577 3703 occupant,
2638 3638 2802 3702 quae
2849 3654 2910 3662 —
2954 3617 3020 3677 ni

453 3723 852 3789 fallor—-in
902 3726 1258 3789 certamine
1305 3725 1528 3788 mortis
1575 3725 2013 3811 prociderunt.
2076 3724 2189 3786 sed
2248 3723 2315 3786 in
2379 3723 2552 3787 vivis
2608 3721 3023 3786 absconditae

450 3845 630 3896 sunt.
678 3832 904 3896 Paries
953 3853 1226 3895 corneus
1276 3832 1596 3920 epigynae
1647 3832 1907 3895 circiter
1938 3833 2257 3913 0·91atus‚
2305 3829 2502 3914 duplo
2536 3831 2794 3893 circiter
2836 3828 3026 3892 latior

449 3961 654 4024 quam
702 3938 970 4023 longior.
1020 3937 1362 4001 rotundato
1407 3937 1842 4021 triangular-ie,
1892 3939 2187 4022 margine
2220 3937 2465 4022 postico
2499 3938 2564 3998 in
2597 3946 2779 4022 parte
2812 3934 3025 3998 media

453 4057 524 4108 et
572 4047 635 4107 in
689 4045 1000 4109 lateribus
1049 4045 1279 4110 leviter
1325 4045 1684 4127 rotundam,
1748 4067 1874 4107 non
1940 4043 2164 4132 procul
2213 4067 2248 4106 a.
2297 4044 2510 4107 medio
2566 4044 2885 4128 utrimque
2933 4042 3023 4105 le-

609 4279 645 4342 ¹)
683 4280 870 4342 Margo
908 4278 1146 4342 posticus
1185 4276 1354 4341 apicis
1392 4277 1820 4326 mandibularum
1861 4277 1917 4325 in
1956 4275 2227 4325 lamellam
2279 4291 2609 4339 compressus
2650 4283 2730 4323 est
2768 4289 3017 4323 corneam

459 4368 800 4431 pellucidam,
847 4383 982 4432 quae
1024 4383 1144 4416 cum
1181 4367 1340 4416 deute
1378 4367 1472 4416 illo
1511 4367 1668 4431 longo
1707 4374 1864 4416 acuto
1901 4367 2056 4430 nigro
2095 4366 2453 4428 coniungitur,
2492 4381 2594 4428 quo
2635 4364 2865 4429 angulus
2904 4363 3019 4426 api-

459 4457 594 4507 calis
633 4457 856 4506 interior
893 4456 1236 4506 mandibulae
1277 4463 1521 4514 ornatum
1570 4472 1728 4519 prope
1769 4471 1802 4504 a
1838 4455 1997 4504 dente
2040 4454 2135 4503 hoc
2177 4470 2357 4517 margo
2410 4453 2653 4502 lamellae
2707 4452 2913 4500 modice
2952 4452 3021 4498 si-

457 4555 654 4596 nuatus
694 4552 789 4606 est,
829 4553 880 4594 et
918 4546 971 4594 in
1013 4545 1188 4593 sinum
1224 4544 1366 4594 hunc
1405 4544 1552 4593 cadit
1591 4545 1781 4608 unguis
1821 4543 2163 4592 mandibulae
2203 4542 2435 4601 clausae,
2484 4543 2575 4604 ita,
2618 4549 2673 4589 ut
2711 4541 2839 4589 dens
2880 4556 3020 4589 com-

459 4645 779 4685 memoratus
837 4641 997 4684 ante
1055 4649 1284 4698 unguem
1337 4633 1680 4682 mandibulae
1737 4633 1953 4682 clausae
2005 4633 2137 4680 situs
2189 4633 2272 4681 sit.
2314 4660 2381 4668 —
2421 4631 2618 4680 Similis
2677 4637 2754 4678 est
2812 4629 3018 4678 fabrica

457 4724 884 4774 mandibularum
918 4741 1020 4772 non
1051 4723 1218 4770 solum
1261 4723 1313 4770 in
1352 4721 1674 4772 Holocnemo
1726 4722 1839 4771 sed
1887 4723 2096 4770 etiam
2151 4721 2217 4770 in
2269 4720 2631 4770 Pholeidis
2683 4719 2850 4768 aliis
2890 4734 3019 4767 non

458 4814 708 4876 paucis
747 4812 993 4862 saltem
1035 4812 1123 4876 (an
1165 4813 1219 4859 in
1259 4812 1561 4873 omnibus?)
