3825 5734
807 514 891 579 56

811 749 1028 815 gynae
1075 728 1139 789 in
1192 728 1401 791 fronte
1450 727 1748 793 lamellae
1796 727 2161 814 descriptae
2232 729 2393 808 sita,
2462 741 2561 791 sat
2631 750 2885 813 magna,
2954 752 3159 814 paene
3208 729 3371 794 levis

808 833 1257 913 (subtilissime
1306 834 1495 897 modo
1543 834 1872 920 rugulosa)
1922 846 1983 899 et
2030 834 2263 919 glabra
2308 848 2421 899 est.

946 942 1486 1026 Cephalothoracis
1553 940 1910 1006 humefacti
1985 964 2137 1005 area
2206 941 2541 1005 oculorum
2613 943 2831 1027 nigra,
2903 942 3151 1029 reliqua
3220 966 3369 1030 pars

807 1047 983 1111 dorsi
1031 1047 1242 1133 badia,
1288 1048 1491 1113 latera
1537 1058 1600 1111 et
1647 1048 1992 1113 declivitas
2038 1050 2287 1135 postica
2334 1048 2731 1132 obscuriora,
2776 1049 2937 1113 haec
2984 1072 3182 1135 supra
3214 1052 3371 1114 vitta

807 1154 1026 1241 paullo
1071 1154 1414 1242 pallidiore
1460 1168 1704 1238 ornata,
1753 1154 2025 1243 clypeus
2095 1154 2455 1236 latericius3
2525 1155 2941 1219 mandibulae
3012 1180 3087 1221 eo
3156 1156 3371 1243 paullo

805 1261 1214 1327 obscuriores
1285 1274 1348 1326 et
1394 1262 1625 1327 laetius
1696 1261 2123 1343 rufescentest,
2194 1273 2485 1327 st-ernum
2557 1262 2951 1347 umbrinum‚
3019 1264 3369 1349 posteriora

805 1391 1036 1433 versus
1083 1368 1228 1455 plus
1277 1371 1576 1434 minusve
1623 1367 1960 1455 pallidius]
2010 1392 2211 1433 coxae
2282 1394 2357 1433 eo
2421 1368 2621 1433 multo
2668 1368 3069 1455 pallidiores:
3135 1369 3369 1455 pallide

805 1474 1040 1539 fulvae.
1093 1476 1274 1562 Palpi
1320 1474 1806 1540 flavo-testacei.
1854 1488 2035 1561 parte
2083 1475 2379 1539 femorali
2432 1476 2495 1538 in
2525 1475 2725 1539 latere
2757 1476 3065 1539 interiore
3098 1488 3161 1541 et
3193 1498 3369 1563 prae·

807 1585 1030 1647 sertim
1079 1582 1304 1646 subter
1349 1582 1691 1664 infuscata,
1739 1596 1921 1669 parte
1970 1582 2177 1646 tibiali
2227 1582 2364 1646 basi
2440 1605 2635 1669 supra
2707 1584 2868 1645 vitta.
2928 1581 3113 1647 brevi
3186 1584 3369 1647 fusca

806 1692 1046 1753 ornata.
1097 1691 1410 1754 Abderiten
1459 1711 1655 1775 supra
1721 1689 2093 1753 umbrinum
2167 1688 2484 1775 fuligineo
2554 1701 2617 1753 et
2686 1691 2875 1773 nigro
2944 1691 3368 1775 variegatum.

807 1795 1019 1861 colore
1067 1795 1251 1861 fulvo
1300 1809 1408 1859 aut
1457 1795 1936 1861 fulvo-cinereo
1982 1797 2255 1881 pictum:
2305 1798 2369 1859 in
2419 1810 2599 1883 parte
2648 1799 2866 1860 antica
2914 1795 3122 1861 fascia
3166 1808 3371 1862 trans-

805 1906 995 1966 versa
1040 1902 1186 1977 lata,
1237 1903 1552 1988 fuligineo
1599 1906 1925 1988 punctata,
1972 1903 2387 1967 mediocriter
2434 1908 2758 1990 expressa,
2806 1903 2871 1966 in
2919 1902 3124 1968 latera
3170 1903 3371 1967 abdo·

808 2010 1004 2072 minis
1051 2024 1150 2073 sat
1197 2010 1385 2095 longe
1431 2010 1744 2097 producta
1792 2021 2117 2091 ornatum3
2166 2010 2513 2073 dimidium
2562 2012 2881 2096 posterius
2930 2010 3187 2074 macula
3236 2032 3367 2073 ma-

805 2138 938 2199 gna
983 2128 1257 2203 occupat
1304 2115 1506 2200 fulva,
1553 2118 1742 2201 nigro
1791 2115 2077 2200 limbata,
2148 2118 2249 2180 bis
2298 2116 2589 2182 dilatata:
2660 2140 2811 2205 pars
2882 2118 3021 2181 eius
3090 2119 3371 2181 anterior

806 2235 1198 2308 transversa³
1243 2226 1312 2287 in
1360 2224 1674 2288 lateribus
1723 2224 2087 2308 rotundata,
2149 2246 2300 2310 pars
2363 2226 2679 2311 posterior
2740 2225 3092 2310 angustior.
3156 2224 3369 2311 paullo

806 2329 1102 2415 oblonga,
1149 2330 1460 2395 lateribus
1518 2332 1844 2416 angulatis
1915 2331 2157 2417 potius3
2228 2331 2485 2395 macula
2560 2331 2723 2395 haea
2800 2330 3073 2415 angulos
3154 2332 3369 2395 fuscos

805 2458 1044 2521 parvos
1092 2438 1354 2501 circiter
1402 2440 1440 2502 6
1491 2440 1802 2521 continet:
1852 2439 1992 2501 eius
2042 2461 2263 2523 margo
2312 2439 2567 2502 anticus
2640 2438 2892 2502 medius
2961 2437 3179 2524 paullo
3226 2462 3369 2525 pro-

807 2543 1043 2608 ductus
1091 2547 1259 2609 inter
1309 2544 1598 2609 maculas
1647 2545 1808 2609 duas
1856 2544 2187 2630 oblongaS‚
2250 2546 2485 2630 quibus
2548 2545 2721 2608 dorsi
2786 2545 3129 2609 dimidium
3194 2558 3370 2609 antc-

807 2651 944 2715 rius
990 2662 1272 2716 ornatur.
1335 2653 1573 2716 Latera
1634 2651 2000 2717 abdominis
2064 2664 2129 2716 et
2195 2664 2426 2715 venter
2490 2651 3000 2734 cinereo-fulva,
3071 2653 3369 2717 umbrino

807 2756 1148 2842 maculata,
1197 2759 1471 2823 maculis
1533 2758 1679 2845 plus
1749 2760 2053 2823 minusve
2123 2760 2447 2843 congestis
2518 2760 2585 2821 in
2655 2758 2967 2822 lateribus
3037 2759 3103 2823 in
3174 2761 3371 2823 vittas

807 2863 1118 2950 obliquas2
1166 2866 1232 2929 in
1281 2876 1506 2929 ventre
1554 2867 1617 2928 in
1671 2868 1867 2930 vittas
1915 2876 2226 2950 angustas
2297 2865 2806 2950 longitudinales
2862 2876 3152 2951 quatuor.
3232 2866 3370 2929 Ma-

809 2970 1025 3035 millae
1075 2972 1432 3036 umbrinae.

943 3079 1436 3163 Cephalothorax
1483 3079 1650 3166 pube
1697 3091 1906 3143 tectus
1953 3079 2121 3143 laete
2170 3080 2317 3143 rufa
2366 3092 2429 3144 et
2475 3078 2621 3143 alba
2668 3080 3072 3167 (praesertim
3120 3080 3187 3142 in
3214 3078 3371 3143 late-

805 3186 986 3249 ribus
1035 3189 1360 3271 margines
1408 3204 1665 3259 versus)
1713 3186 2081 3251 desiccatus
2130 3188 2449 3271 picturam
2494 3185 2959 3251 evidentiorem
3010 3208 3140 3250 non
3188 3208 3371 3270 prae-

809 3291 944 3373 bet3
1009 3294 1179 3356 inter
1241 3293 1462 3357 oculos
1509 3296 1789 3379 posticos
1837 3294 2042 3357 fascia
2116 3293 2381 3372 diffusa.)
2455 3316 2681 3380 parum
2752 3296 3073 3379 expressa,
3145 3294 3370 3356 vittam

807 3397 1074 3463 brevem
1125 3399 1560 3465 rufescentem
1609 3402 1984 3484 continenti7
2032 3403 2099 3463 in
2146 3400 2385 3483 angulo
2433 3401 2603 3463 inter
2672 3400 2937 3463 dorsum
2986 3412 3051 3463 et
3096 3398 3369 3463 declivi-

807 3516 1006 3570 tatem
1052 3508 1366 3593 posticam
1415 3510 1578 3571 vitta
1627 3508 1812 3571 brevi
1862 3507 2101 3591 albida,
2151 3509 2211 3570 in
2264 3506 2639 3571 declivitate
2687 3508 2951 3593 postica,
2997 3528 3163 3592 quae
3196 3506 3369 3569 nuda

808 3622 924 3695 est,
971 3615 1294 3700 utrimque
1343 3616 1505 3678 vitta
1552 3615 1769 3678 albida
1819 3626 1919 3677 sat
1968 3614 2155 3698 longa
2210 3626 2493 3677 ornatur.
2542 3613 2831 3703 Clypeus
2896 3612 3043 3677 albo
3103 3612 3366 3699 pilosus

807 3720 1053 3804 cinguli
1102 3720 1436 3785 oculorum
1485 3723 1846 3785 anticorum
1897 3720 2049 3785 albi.
2096 3743 2291 3805 supra
2339 3721 2509 3806 pube
2558 3720 2706 3783 ruffi⁴
2755 3721 3065 3783 immixta.
3120 3720 3371 3784 Mandi-

805 3826 996 3891 bulae
1053 3827 1203 3913 pilis
1253 3829 1557 3891 tenuibus
1606 3828 1918 3913 dispersis
1969 3826 2205 3891 albidis
2252 3840 2533 3891 ornatae.
2588 3827 2764 3913 Palpi
2817 3826 2962 3890 albo
3007 3828 3368 3913 pubescen-

805 3944 918 3997 tes
973 3936 1281 3998 Abdomen
1331 3958 1527 4021 supra
1572 3935 1737 3999 lacte
1786 3934 2061 4005 fulvum,
2110 3936 2297 4018 nigro
2331 3946 2727 4019 punctatum,
2758 3946 3013 4020 praeter
3046 3932 3367 3999 maculam

805 4041 874 4103 in
923 4040 1190 4105 dimidio
1237 4023 1601 4127 posteriore·
1637 4043 1844 4115 sitam,
1892 4044 1960 4104 in
2012 4054 2279 4127 utroque
2340 4040 2539 4104 latere
2588 4056 2823 4126 (neque
2869 4041 2939 4103 in
2972 4040 3209 4121 fronte)
3272 4041 3369 4102 ni-

807 4170 923 4230 gro
971 4146 1323 4212 limbatam.
1373 4149 1912 4213 subunicolorem..
1976 4149 2296 4233 picturam
2343 4148 2811 4211 evidentiorem
2861 4145 3108 4209 nullam
3157 4158 3369 4209 osten-

809 4254 926 4333 dit3
977 4268 1204 4318 venter
1251 4257 1679 4319 cinerascenS.

939 4360 1454 4447 Cephalothorax
1503 4364 1605 4426 3·0
1631 4386 1764 4425 mm
1815 4363 2065 4447 longua
2116 4364 2211 4426 21
2268 4360 2461 4440 latus‚
2509 4383 2661 4424 area
2708 4358 3043 4423 oculorum
3092 4359 3363 4441 (directo

808 4466 1087 4553 desuper
1134 4469 1300 4550 visa)
1356 4470 1452 4533 1·3
1501 4468 1710 4553 longa.
1758 4468 2249 4555 quadrangulus
2312 4467 2645 4531 oculorum
2714 4470 2809 4531 1·1
2875 4465 3140 4551 longuS,
3202 4488 3367 4552 pone
3419 4479 3435 4487 “

815 4576 975 4659 1-75,
1023 4588 1173 4639 ante
1227 4578 1368 4639 185
1418 4574 1604 4659 latus,
1654 4575 1974 4640 abdomen
2023 4578 2144 4658 3·4‚
2217 4597 2363 4639 cum
2416 4572 2723 4637 mamillis
2770 4576 2867 4637 4·1
2925 4572 3208 4657 longum,
3258 4574 3368 4636 Ξῖ)

807 4680 1037 4765 latumz,
1083 4681 1324 4768 pedum
1373 4683 1495 4746 III.
1543 4683 1758 4746 femur
1806 4684 1927 4764 21ἓ
1977 4681 2213 4768 patella
2280 4684 2453 4764 1425,
2517 4680 2673 4743 tibia
2746 4681 2918 4763 123,
2981 4688 3367 4743 metatarsus
