3825 5734
817 526 905 591 40

818 740 1058 803 teriore
1105 750 1167 802 et
1212 740 1531 825 imprimis
1579 741 1648 803 in
1697 739 1930 829 clypeo
1978 740 2237 826 longius
2286 754 2348 805 et
2394 753 2491 805 sat
2540 742 2797 806 abunde
2845 741 3108 829 pilosuS,
3188 745 3377 808 etiam

820 846 885 908 in
933 845 1192 929 angulis
1239 846 1504 933 posticis
1551 846 1701 932 pilis
1749 846 1991 933 aliquot
2040 847 2443 933 longioribus
2492 850 2867 913 instructus,
2928 852 3105 913 Oculi
3138 849 3380 936 pallidi.

819 952 1263 1039 subaequales‚
1310 975 1524 1017 aream
1575 956 1721 1019 058
1772 952 1971 1017 latam
2020 967 2357 1041 occupant„
2403 956 2789 1041 posteriores
2826 956 3071 1019 directo
3105 956 3383 1043 desuper

817 1059 945 1121 visi
992 1058 1232 1123 lineam
1281 1059 1566 1145 paullulo
1615 1082 2004 1146 procurvam
2053 1060 2413 1147 designant.
2464 1084 2501 1125 a
2548 1061 2759 1125 fronte
2808 1062 3093 1149 adspecti
3145 1062 3379 1126 lineam

819 1166 1073 1229 modice
1121 1166 1422 1231 deorsum
1471 1178 1828 1251 curvatam,
1891 1167 2317 1253 subaequales
2383 1170 2695 1233 videntur
2758 1172 2848 1249 (in
2914 1170 3211 1256 exemplo
3270 1192 3381 1233 no·-

820 1284 953 1335 stro
999 1273 1226 1336 oculus
1276 1274 1527 1337 medius
1598 1274 1828 1338 dexter
1897 1275 2164 1361 reliquis
2236 1276 2487 1359 minori,
2558 1276 2754 1339 medii
2826 1278 2997 1341 inter
3066 1300 3135 1340 se
3204 1276 3383 1340 radio

821 1378 1067 1445 saltem.
1114 1402 1152 1443 a
1199 1379 1574 1445 lateralibus
1619 1380 1911 1468 paullulo
1962 1384 2177 1445 minus
2208 1406 2401 1469 quam
2435 1384 2745 1446 diametro
2778 1383 3048 1462 distant3
3099 1385 3380 1468 spatium

815 1487 901 1550 ab
948 1486 1153 1549 oculis
1202 1487 1636 1551 anterioribus
1681 1502 2069 1575 occupatum
2134 1512 2338 1572 aeque
2388 1491 2648 1553 circiter
2710 1490 2914 1553 latum
2976 1506 3167 1576 atque
3238 1512 3383 1577 spa-

821 1594 1000 1657 tium.
1047 1616 1172 1679 quo
1221 1593 1390 1657 oculi
1457 1596 1842 1680 posteriores
1907 1595 2208 1660 laterales
2272 1597 2441 1659 inter
2503 1620 2571 1659 se
2635 1596 2899 1675 ‹listant3
2964 1595 3379 1661 intervallum

819 1700 1152 1763 oculorum
1201 1702 1596 1765 anteriorum
1646 1703 1907 1766 circiter
1956 1702 2137 1765 radio
2200 1702 2369 1767 oculi
2438 1704 2654 1765 minus
2717 1726 2909 1788 quam
2975 1704 3250 1790 spatium
3302 1704 3382 1766 ab

819 1806 1027 1870 oculis
1075 1808 1536 1893 posterioribus
1585 1808 1816 1872 mediis
1844 1823 2256 1893 occupatum3
2321 1834 2357 1873 a
2404 1812 2668 1896 posticis
2716 1808 3094 1873 lateralibus
3144 1809 3384 1873 distant

821 1914 990 1978 oculi
1039 1916 1235 1978 antici
1285 1914 1503 2001 paullo
1549 1915 1695 2001 plus
1743 1938 1938 2001 quam
1987 1917 2199 1980 radic.
2250 1940 2288 1979 a
2332 1918 2598 2003 posticis
2648 1916 2879 1981 mediis
2926 1915 3217 2003 paullulo
3266 1918 3383 1978 mi-

821 2044 944 2085 nus
993 2044 1185 2107 quam
1235 2022 1564 2105 diametro,
1611 2045 1650 2085 a
1697 2024 1994 2107 margine
2042 2024 2254 2111 clypei
2290 2025 2551 2088 circite-r
2584 2023 2781 2111 dupla
2814 2022 3147 2086 diametro,
3196 2024 3381 2087 Mav-

821 2130 1070 2193 dz'bnlae
1118 2132 1218 2193 1-5
1270 2128 1516 2211 longae,
1565 2128 1756 2192 simul
1807 2141 2099 2215 sumptae
2167 2132 2264 2193 1·3
2327 2129 2513 2213 latae,
2576 2129 2888 2193 lateribus
2955 2128 3383 2193 exterioribus

823 2238 1176 2299 maximam
1224 2247 1468 2320 partem
1522 2258 1724 2321 paene
1771 2236 1967 2300 rectis
2016 2246 2079 2299 et
2126 2236 2493 2323 paralleliS‚
2544 2238 2662 2301 sub
2712 2236 2945 2325 clypco
2991 2236 3225 2301 leviter
3272 2258 3383 2319 ge-

823 2342 1164 2423 niculatae,
1212 2342 1403 2407 dorso
1453 2354 1734 2406 ceterum
1787 2342 1923 2407 fere
1970 2356 2147 2408 recto
2194 2344 2335 2426 (vix
2382 2356 2698 2407 excavato
2748 2346 2811 2406 in
2865 2342 3385 2428 longitudinem).

823 2459 922 2511 sat
968 2448 1158 2533 longe
1204 2462 1267 2514 et
1313 2450 1726 2513 mediocriter
1773 2450 1972 2513 dense
2020 2450 2281 2537 pilosae,
2326 2450 2477 2537 pilis
2527 2452 2591 2513 in
2642 2452 2864 2535 granis
2912 2450 3387 2534 nigricantibus

825 2554 1286 2620 insistentibus.
1341 2558 1637 2621 Sternum
1684 2557 1884 2620 dense
1934 2556 2258 2621 subtiliter
2305 2558 2736 2642 reticulatum}
2771 2556 3187 2642 subopacum,
3235 2556 3386 2643 pilis

825 2663 892 2726 in
939 2662 1216 2727 maculis
1279 2662 1700 2727 sublaevibus
1764 2677 1826 2727 et
1889 2664 2114 2728 nitidis
2178 2666 2319 2727 sitis
2381 2678 2703 2745 ornatum,
2768 2665 3093 2747 margines
3157 2686 3387 2728 versus

823 2769 1132 2834 sublaeve
1181 2782 1242 2835 ct
1291 2770 1588 2833 nitidum.
1637 2772 1981 2854 Palporum
2030 2794 2177 2856 pars
2226 2770 2557 2835 femoralis
2610 2774 2771 2850 165,
2845 2770 3171 2856 patellaris
3220 2773 3387 2853 Oet.

825 2876 1066 2941 tibialis
1112 2880 1280 2961 099,
1327 2877 1583 2941 tarsalis
1632 2880 1774 2942 0251
1828 2877 2037 2963 longa,
2086 2902 2125 2942 a
2174 2878 2375 2942 latere
2424 2880 2566 2942 visa
2614 2900 2705 2941 ca.
2755 2880 2902 2942 026
2953 2876 3109 2956 lata;
3174 2892 3385 2963 partes

825 2982 1174 3069 patellariS‚
1221 2984 1480 3049 tibialis.
1527 2986 1784 3049 tarsalis
1832 2986 2151 3069 gradatim
2202 2988 2553 3063 tenuiores;
2619 2984 2861 3048 aculeis
2926 2995 3149 3047 carent
3193 2982 3386 3070 palpi.

827 3089 1075 3154 Bulbus
1122 3091 1424 3175 genitalis
1472 3092 1690 3178 paullo
1737 3105 1885 3156 ante
1952 3093 2235 3157 medium
2302 3094 2465 3181 parti
2534 3092 2757 3156 tarsali
2825 3093 3047 3155 subter
3109 3092 3388 3174 innatus.

825 3220 1092 3282 corpore
1140 3201 1286 3263 074
1335 3199 1546 3282 longO,
1595 3200 1744 3263 035
1793 3222 2029 3277 crassQ
2076 3202 2224 3262 032
2288 3198 2443 3280 latot,
2514 3198 2593 3261 ab
2667 3199 2795 3261 imo
2864 3200 3079 3261 visum
3152 3219 3387 3283 corpus

829 3311 1054 3389 (quum
1103 3306 1284 3391 apice
1333 3317 1504 3369 retro
1561 3305 1882 3369 directum
1946 3308 2066 3390 est)
2130 3305 2457 3387 elongato·
2516 3318 2579 3367 et
2640 3305 2856 3390 paullo
2913 3304 3173 3389 oblique
3235 3328 3389 3367 ova-

825 3422 982 3489 tum,
1031 3413 1278 3497 apicem
1333 3434 1560 3475 versus
1610 3412 1909 3493 crassiana
1974 3435 2011 3475 a
2058 3412 2257 3475 latere
2322 3413 2533 3475 visum
2601 3434 2795 3497 supra
2833 3410 3067 3476 leviter
3128 3422 3191 3473 et
3254 3410 3388 3473 fere

829 3518 1251 3603 aequabiliter
1299 3542 1680 3583 convexum.
1730 3540 1928 3605 prope
1978 3520 2223 3603 apicem
2276 3518 2467 3582 modo
2517 3517 2749 3581 leviter
2799 3520 3163 3581 sinuatum.
3232 3515 3386 3579 sub-

827 3634 927 3687 ter
973 3626 1036 3688 in
1089 3626 1318 3708 medio.
1368 3625 1472 3689 ubi
1525 3627 2001 3690 crassissimum
2052 3638 2165 3709 est,
2227 3625 2353 3689 late
2424 3640 2485 3688 et
2555 3625 2781 3689 obtuse
2853 3624 3252 3709 angulatum,
3318 3622 3385 3683 in

828 3730 1099 3793 dimidio
1148 3735 1467 3795 anteriore
1516 3733 1949 3819 deplanatum,
1999 3734 2063 3795 in
2116 3733 2347 3819 apicali
2419 3733 2800 3819 praesertim
2850 3732 3101 3817 apicem
3160 3750 3387 3792 versus

830 3848 927 3901 sat
976 3838 1227 3901 fortiter
1275 3862 1668 3919 convexum3
1717 3862 1948 3925 scapus
1998 3861 2257 3925 pamma,
2306 3839 2769 3903 subuliformis
2822 3859 3245 3921 compressus²
3295 3839 3389 3901 fo-

829 3966 934 4007 ras
983 3958 1081 4008 sat
1129 3946 1382 4009 fortiter
1429 3957 1754 4031 curvatus,
1802 3945 1976 4009 linea
2025 3950 2199 4009 recta
2264 3968 2302 4009 a
2364 3948 2501 4009 basi
2574 3945 2655 4008 ad
2726 3946 2980 4031 apicem
3051 3944 3245 4008 ducta
3292 3944 3389 4008 di-

831 4076 1090 4117 mensus
1139 4056 1289 4118 0-24
1337 4054 1595 4137 longus3
1643 4076 1808 4140 apex
1858 4054 2145 4140 corporis
2195 4054 2275 4116 ad
2328 4054 2536 4117 basim
2585 4055 2763 4139 scapi
2812 4051 3084 4115 cristula
3118 4055 3385 4115 curvata

828 4172 1095 4223 ornatur
1142 4162 1207 4222 in
1261 4163 1620 4245 marginem
1670 4161 2055 4225 exteriorem
2106 4162 2281 4246 scapi
2332 4160 2613 4243 abeunti,
2660 4161 2764 4241 ita,
2817 4172 2883 4222 ut
2952 4158 3231 4243 desuper
3278 4157 3389 4220 ad-

831 4277 1090 4350 spectus
1140 4290 1372 4352 scapus
1423 4268 1559 4332 basi
1611 4269 1678 4329 in
1725 4266 1925 4331 latere
1973 4268 2295 4331 exteriore
2327 4267 2395 4330 in
2430 4266 2686 4329 dentem
2736 4266 3035 4327 obtusum
3088 4263 3390 4328 dilatatus

831 4372 1146 4437 videatur.
1195 4375 1387 4438 Pedes
1434 4373 1608 4458 longi
1660 4386 1721 4437 et
1768 4373 2071 4457 graciles3
2123 4373 2336 4437 femur
2384 4374 2433 4437 I.
2482 4374 2549 4435 in
2600 4370 2869 4435 dimidio
2933 4371 3170 4456 apicali
3234 4370 3388 4433 late-

831 4479 922 4541 ris
969 4481 1308 4544 anterioris
1356 4480 1598 4545 aculeis
1651 4483 1684 4544 7
1737 4495 1846 4543 aut
1895 4482 1933 4544 8
1987 4479 2389 4547 inordinatis,
2460 4482 2523 4543 in
2596 4479 2770 4541 linea
2844 4476 3143 4540 mediana
3214 4476 3385 4539 dorsi

833 4593 995 4651 serie
1043 4587 1416 4651 aculeorum
1464 4590 1506 4651 4
1562 4590 1626 4649 in
1665 4587 1935 4650 dimidio
1990 4586 2213 4663 basali,
2268 4588 2333 4650 in
2392 4586 2590 4649 latere
2648 4586 2976 4670 superiore
3040 4583 3391 4668 posteriore.

831 4693 996 4757 serie
1043 4694 1415 4757 aculeorum
1466 4697 1504 4757 6
1555 4705 1662 4756 aut
1715 4696 1768 4777 7,
1819 4694 1981 4757 tibia
2040 4694 2091 4757 I.
2141 4694 2209 4755 in
2275 4692 2476 4757 latere.
2532 4694 2746 4755 antico
2810 4714 3006 4776 prope
3072 4690 3279 4754 basim
3337 4695 3389 4754 1.

833 4800 1054 4864 subter
1098 4802 1344 4865 aculeis
1395 4803 1432 4865 S
1483 4823 1686 4886 neque
1735 4802 1800 4862 in
1852 4802 2050 4863 series
2100 4800 2533 4863 evidentiores
2599 4820 2804 4885 neque
2866 4819 2982 4883 per
3028 4798 3212 4885 paria
3259 4795 3391 4859 dis-
