3825 5734
825 472 910 535 48

826 683 1098 771 apicalis
1145 682 1385 747 bulbus
1433 683 1688 747 dentem
1742 683 1978 747 emittit
2028 704 2353 760 corneum7
2387 681 2665 767 oblongo
2698 680 3181 765 triangularem,
3212 684 3385 745 intus

825 802 886 855 et
932 789 1150 877 paullo
1199 812 1457 853 sursum
1505 789 1846 854 directum.
1926 790 2157 853 Pedum
2232 790 2279 853 Ι.
2352 788 2601 853 femora
2670 790 2737 851 in
2809 788 3080 851 dimidio
3150 788 3387 875 apicali

823 897 1044 961 lateris
1093 896 1420 960 inferioris
1467 896 1662 961 antici
1716 897 1880 961 serie
1930 896 2307 959 aculeorum
2358 918 2451 959 ca.
2501 897 2586 960 20
2632 908 2874 959 ornata.
2952 895 3163 959 Pedes
3210 896 3244 960 I
3292 918 3385 959 ca.

826 1006 990 1087 335,
1038 1005 1107 1069 II
1157 1026 1250 1067 ca.
1300 1005 1403 1083 25,
1453 1003 1574 1069 ΙΙΙ.
1623 1026 1716 1068 ca.
1766 1006 1869 1085 20,
1919 1004 2035 1084 IV,
2084 1025 2177 1066 ca.
2228 1005 2375 1068 225
2397 1024 2529 1065 mm
2577 1002 2769 1087 longi.
2806 1004 3117 1066 Abdomen
3169 1002 3385 1083 (desu-

825 1133 939 1196 per
985 1111 1228 1195 visum)
1276 1112 1379 1174 23
1429 1109 1714 1193 longum,
1767 1112 1864 1175 1·8
1917 1108 2137 1191 latum?
2192 1112 2289 1173 1·6
2338 1109 2541 1173 altum
2590 1111 2657 1171 in
2709 1110 2938 1173 medic.

957 1217 1148 1283 Color
1197 1216 1366 1281 idem
1417 1227 1608 1302 atque
1658 1216 1956 1281 feminae.
2004 1215 2191 1301 Palpi
2263 1216 2525 1280 sordide
2596 1216 2837 1282 flavidi.
2906 1238 3055 1300 pars
3125 1215 3383 1279 tarsalis

826 1323 1026 1407 fulva,
1075 1322 1482 1405 marginibus
1530 1346 1612 1387 ex
1665 1334 1844 1407 part-e
1891 1324 2119 1408 nigriS,
2180 1325 2434 1410 apicem
2496 1346 2729 1387 versus
2794 1323 3145 1405 obscurior,
3208 1321 3387 1386 rufo-

826 1431 1157 1513 fuliginea.

957 1538 1219 1625 Species
1269 1537 1428 1602 haec
1478 1538 1796 1624 imprimis
1845 1538 2215 1601 Holocnemo
2262 1538 2545 1620 (Pholco)
2592 1538 2886 1601 Iv‘orskalc'
2932 1536 3122 1601 Thor.
3170 1536 3385 1600 affinis

825 1656 936 1726 est.
986 1644 1098 1710 sed
1149 1644 1231 1708 ab
1281 1668 1354 1707 eo
1401 1644 1656 1707 abunde
1704 1644 2029 1708 distincta.

1324 1858 1646 1911 Thanatus
1683 1857 1968 1924 vulgaris
2022 1858 2086 1912 E.
2128 1858 2268 1910 Sim.
2310 1858 2521 1925 subsp.
2558 1858 2789 1911 cretica
2828 1874 2887 1910 n.

1883 1968 2014 2016 Tab.
2056 1966 2091 2017 l.
2132 1967 2217 2031 fig.
2262 1966 2343 2016 13.

957 2072 1345 2158 Subspecies
1393 2071 1555 2136 haec
1603 2072 1820 2136 differt
1865 2096 1903 2134 a
1960 2072 2242 2136 Thanato
2289 2074 2536 2157 vethari
2582 2073 2803 2161 typico
2851 2072 3169 2157 imprimis
3201 2071 3384 2158 pedi-

823 2178 947 2242 bus
995 2177 1395 2263 longioribus
1443 2191 1505 2243 et
1550 2180 1806 2265 pictura
1853 2178 2074 2266 paullo
2121 2178 2265 2243 alia.
2316 2216 2397 2225 —-
2428 2180 2922 2262 Cephalothoraa:
2969 2178 3382 2257 (desiccatus)

825 2284 1098 2349 obscure
1145 2284 1388 2367 fulvuS,
1437 2284 1650 2349 colore
1698 2285 2014 2371 fuligineo
2064 2288 2348 2349 suffusus
2396 2298 2507 2349 aut
2554 2286 3047 2350 contaminatus
3098 2308 3383 2371 praescr-

824 2392 942 2455 tim
988 2392 1054 2455 in
1105 2404 1286 2478 parte
1332 2393 1684 2476 posteriore
1733 2398 2039 2456 vittarum
2105 2392 2467 2456 lateralium
2540 2405 2603 2456 et
2671 2394 2839 2455 dorsi
2911 2392 3048 2473 (sed
3123 2415 3249 2456 non
3318 2394 3382 2457 in

825 2498 1200 2563 declivitate
1247 2500 1539 2586 postica).
1590 2500 1752 2562 Pars
1802 2499 2139 2586 cephalica
2186 2500 2468 2563 anterior
2516 2498 2704 2563 lineis
2753 2498 3085 2583 fuligineis
3134 2502 3308 2563 3aut
3344 2505 3382 2565 ἰ)

824 2608 1015 2692 picta.
1064 2606 1270 2670 Vittis.
1314 2605 1482 2669 albis
1532 2618 1802 2692 quatuor
1849 2618 2120 2670 ornatur
2160 2606 2686 2693 cephalothorax;
2734 2628 2957 2669 earum
2992 2608 3382 2691 marginales

824 2736 988 2799 ponc
1038 2713 1382 2777 latitudine
1430 2712 1700 2800 patellas
1750 2716 1999 2777 anticas
2066 2714 2200 2777 fere
2264 2724 2544 2799 aequant
2608 2712 2836 2794 (multo
2899 2714 3115 2799 itaque
3176 2736 3385 2796 angu-

827 2821 1052 2884 stiores
1087 2832 1238 2909 sunt
1285 2843 1476 2905 quam
1528 2820 1726 2883 vittae
1777 2820 2149 2884 adiacentes
2199 2819 2461 2902 fulvae),
2508 2822 2831 2883 anteriora
2857 2842 3086 2883 versus
3134 2822 3374 2883 sensim

825 2928 1230 3008 angustiores
1256 2926 1436 2991 fiunt.
1465 2927 1668 2990 basim
1712 2926 2049 3013 palporum
2101 2928 2447 3008 attingunt,
2496 2948 2693 3010 supra
2740 2925 2913 2989 linea
2960 2948 3157 3011 paene
3207 2930 3381 2989 recta

824 3032 1163 3113 finiuntur3
1215 3035 1415 3097 vittae
1484 3034 1828 3097 dorsuales.
1894 3056 1933 3097 a
2004 3032 2374 3096 declivitate
2444 3034 2691 3119 postica
2762 3034 3085 3097 anteriora
3154 3056 3383 3097 versus

827 3141 1073 3221 ductae,
1123 3162 1286 3225 pone
1334 3140 1486 3204 itcm
1537 3140 1797 3203 circiter
1860 3140 2132 3226 patellas
2200 3140 2245 3203 Ι.
2303 3139 2646 3203 latitudine
2711 3153 3022 3225 aequant,
3086 3141 3253 3203 inter
3316 3163 3381 3203 se

827 3247 1029 3334 spatio
1079 3248 1452 3331 angustiore
1500 3246 1758 3310 distant.
1808 3248 1983 3309 intus
2032 3246 2200 3309 linesi⁴
2252 3251 2446 3313 rect-(⁵1.
2494 3250 2903 3311 extrinsecus
2950 3246 3121 3310 linea
3164 3246 3383 3331 paullo

823 3354 1163 3439 inaequali,
1211 3353 1496 3419 obsolete
1545 3353 1821 3437 dentata,
1869 3354 2189 3436 definitae,
2238 3354 2561 3417 anteriora
2605 3376 2836 3417 versus
2882 3354 3224 3437 insigniter
3269 3376 3383 3415 an-

825 3470 1118 3537 gustatae
1169 3474 1230 3524 et
1275 3460 1493 3545 paullo
1541 3484 1579 3523 a
1626 3483 1693 3523 se
1741 3460 2168 3543 discedentes.
2218 3462 2582 3544 marginem
2632 3460 2999 3524 interiorem
3050 3458 3383 3523 oculorum

825 3568 1218 3653 posticorum
1266 3566 1633 3631 lateralium
1682 3568 2011 3649 attingunt
2057 3579 2120 3630 ct
2169 3590 2315 3631 cum
2366 3571 2514 3631 arca
2560 3566 2911 3643 oculorum.¹
2961 3590 3125 3653 quae
3172 3568 3384 3631 maxi-

829 3695 998 3736 mam
1047 3685 1294 3758 partem
1343 3672 1490 3737 albo
1538 3673 1742 3758 pilosa
1789 3686 1903 3747 est,
1956 3675 2457 3757 coniunguntur.
2509 3675 2703 3739 Vitta.
2768 3678 2894 3759 qua
2952 3674 3217 3736 dorsum
3282 3675 3381 3737 ab·

827 3782 1094 3844 dominis
1151 3780 1576 3843 Thanatormn
1623 3782 1692 3843 in
1741 3792 1920 3865 parte
1968 3783 2288 3845 anteriore
2337 3782 2551 3845 ornari
2602 3780 2778 3863 solet,
2827 3779 3381 3865 nigro-fuliginem

826 3886 1199 3969 lanceolata,
1248 3908 1442 3973 prope
1492 3886 1776 3949 medium
1827 3910 1955 3950 non
2025 3888 2363 3951 evidenter
2420 3887 2760 3972 angulata.
2827 3910 3033 3972 neque
3096 3885 3380 3968 dilatata,

825 3994 1007 4077 apice
1079 4004 1266 4056 acuto
1337 3997 1408 4074 233
1461 3994 1633 4057 dorsi
1708 3993 1935 4057 saltem
2007 3995 2349 4077 attingens,
2421 3998 2743 4078 utrimque
2816 3993 2983 4057 linea
3049 3993 3382 4057 albissima

827 4099 1076 4184 aequali
1125 4099 1414 4182 limitata,
1479 4124 1642 4185 quae
1705 4100 1917 4165 lineae
1982 4123 2145 4186 pone
2209 4103 2272 4163 in
2340 4100 2579 4163 lineam
2644 4122 2836 4163 unam
2902 4102 3382 4184 coniunguntur

828 4206 1066 4269 sensim
1115 4218 1540 4289 angustatam,
1590 4207 1914 4270 mamillas
1977 4207 2112 4271 fere
2175 4208 2615 4287 attingentem.
2708 4209 2785 4272 In
2851 4220 3119 4291 utroque
3184 4206 3381 4270 latere

827 4313 1086 4376 dorsum
1137 4313 1502 4376 abdominis
1550 4313 1723 4376 linea
1769 4313 1915 4375 alba
1962 4326 2229 4377 ornatur
2276 4314 2664 4397 angustiore,
2713 4312 2924 4398 paullo
2974 4314 3187 4376 minus
3235 4336 3381 4376 evo-

827 4419 961 4483 luta
1008 4430 1069 4483 et
1115 4419 1396 4502 definita,
1443 4443 1647 4506 paene
1695 4419 2121 4505 aequabiliter
2168 4423 2448 4505 arcuata,
2514 4444 2709 4507 prope
2758 4420 3081 4483 mamillas
3143 4419 3381 4483 lineam

829 4526 1106 4589 mediam
1155 4549 1282 4589 non
1329 4526 1521 4612 plane
1568 4528 1929 4609 attingenti,
1977 4527 2043 4588 in
2093 4528 2265 4589 dorsi
2316 4540 2495 4614 parte
2560 4528 2877 4590 anteriore
2947 4541 3161 4591 autem
3233 4549 3381 4591 cum

827 4632 1025 4695 limbo
1073 4632 1222 4695 albo
1269 4634 1469 4697 vittae
1517 4634 1766 4695 mediae
1816 4634 2130 4697 obscurae
2179 4633 2394 4719 paullo
2444 4634 2737 4711 confusag
2786 4656 2937 4697 area
2985 4633 3157 4697 dorsi
3209 4636 3381 4698 enim

826 4738 1014 4801 lincis
1062 4739 1228 4803 albis
1277 4739 1655 4803 lateralibus
1705 4740 1971 4804 definita
2018 4742 2083 4803 in
2132 4754 2312 4826 parte
2359 4742 2711 4826 posteriore
2762 4740 3103 4823 fuliginea,
3152 4743 3219 4804 in
3266 4762 3380 4803 an-
