3825 5734
2907 525 2989 588 47

377 748 552 822 sata,
607 761 778 826 pars
825 737 1157 826 patellaris
1205 737 1432 802 annuli
1479 738 1739 824 oblique
1787 739 2089 822 truncati,
2160 739 2328 825 apici
2392 739 2597 825 partis
2661 737 2993 802 femoralis

377 847 704 932 impositi
759 847 1033 909 formam
1081 844 1292 920 habet,
1357 867 1555 932 supra
1621 866 1712 910 ea.
1775 847 1945 927 0·3⁶.>.‚
2009 845 2233 909 subter
2294 845 2482 908 modo
2544 847 2739 910 θ’θὸξ)
2799 843 2994 929 longa

380 963 516 1035 est3
570 975 748 1040 pars
794 952 1036 1017 tibialis
1107 957 1380 1039 supra¹J
1479 953 1629 1016 092
1678 951 1889 1036 longa,
1950 953 2017 1015 in
2082 952 2553 1034 longitudinem
2620 952 2873 1016 fortiter
2933 963 2995 1014 et

381 1060 852 1146 aequabiliter
899 1083 1210 1124 convexa.
1261 1059 1485 1124 subter
1554 1059 1704 1124 032
1772 1058 1969 1144 longa
2038 1071 2103 1122 et
2171 1081 2375 1145 paene
2444 1071 2640 1143 reeta?
2714 1058 3009 1146 desuper

382 1168 542 1232 visa
595 1167 912 1252 elongato
959 1179 1167 1248 ovata,
1201 1167 1339 1230 fere
1373 1167 1810 1255 syxnmetrica,
1844 1165 2041 1253 duplo
2090 1165 2229 1230 fere
2263 1165 2518 1250 longior
2549 1188 2739 1251 quam
2778 1164 2993 1246 latium

383 1297 551 1362 pars
607 1274 879 1338 tarsalis
928 1276 1076 1338 0-92
1126 1274 1336 1358 longa,
1383 1295 1422 1335 a
1466 1271 1668 1337 latere
1717 1274 2037 1338 exteriore
2066 1274 2208 1336 visa
2236 1273 2375 1336 basi
2408 1272 2669 1358 oblique
2695 1283 2994 1336 truncata

389 1387 638 1468 (supra
693 1381 988 1466 longior),
1035 1402 1234 1467 prope
1283 1379 1490 1444 basim
1539 1381 1683 1445 0537
1759 1403 1996 1459 crassa,
2068 1381 2133 1443 in
2206 1379 2419 1444 media
2489 1391 2672 1465 parte
2742 1379 2995 1444 fortiter

389 1501 772 1571 attenuata
818 1487 974 1552 inde
1021 1488 1272 1574 apicem
1323 1510 1554 1551 versus
1603 1487 2037 1551 crassitudine
2085 1485 2494 1572 subaequali,
2542 1486 2731 1549 dorso
2780 1486 2993 1572 itaque

394 1596 772 1680 insigniter
819 1595 1196 1680 sigmoideO.
1269 1594 1470 1658 latere
1540 1593 1850 1658 inferiore
1924 1616 2152 1658 verum
2224 1617 2430 1680 paene
2502 1605 2703 1658 recto:
2773 1593 2993 1679 paullo

393 1724 574 1788 pone
627 1702 926 1767 medium
973 1700 1314 1766 tuberculo
1384 1702 1612 1765 obtuso
1684 1711 1939 1782 ornat03
2008 1700 2091 1764 ad
2162 1701 2281 1763 hoc
2355 1699 2767 1765 tuberculum
2841 1723 2992 1787 pars

393 1809 680 1873 tarsalis
730 1809 1144 1896 processibus
1193 1808 1450 1875 duobus
1497 1810 1812 1872 instructa
1859 1819 1957 1871 est
2004 1807 2247 1894 (paullo
2296 1806 2805 1872 mobilibus—ni
2870 1805 2993 1870 fal-

397 1915 554 1997 lor):
608 1917 686 1980 in
737 1915 938 1981 latere
987 1915 1292 1980 interiore
1339 1915 1514 1978 infra
1562 1913 1788 1979 aculeo
1836 1914 2068 1996 gracili
2117 1916 2322 2000 nigro,
2372 1914 2671 1978 deorsum
2720 1924 2784 1978 et
2816 1927 2993 1978 ante-

398 2026 582 2086 riora
637 2046 874 2088 versus
923 2034 987 2088 et
1037 2023 1208 2086 foras
1258 2022 1522 2104 directe,
1557 2020 1982 2107 complanato,
2017 2023 2423 2085 extrinsecus
2449 2020 2712 2086 suleatO.
2762 2020 2995 2085 lexiter

401 2153 682 2194 sursum
736 2143 1022 2212 curvatQ
1070 2151 1274 2215 aeque
1323 2129 1550 2192 saltem
1599 2127 1791 2212 longo
1855 2139 2045 2214 atque
2094 2129 2393 2214 spatium5
2462 2150 2587 2213 quo
2657 2127 2739 2190 ab
2812 2129 2993 2214 apice

399 2239 620 2322 partis
675 2237 932 2301 tarsalis
981 2237 1201 2314 ‹listat3
1252 2234 1416 2299 alter
1465 2257 1822 2320 processus),
1870 2236 1939 2297 in
1989 2233 2191 2298 latere
2237 2236 2555 2299 exteriore
2607 2233 2779 2297 infra
2824 2235 2993 2321 parti

401 2345 647 2408 tarsali
695 2347 977 2427 innatus,7
1026 2342 1232 2428 ligula
1279 2355 1373 2406 est
1421 2342 1739 2424 elongata,
1789 2343 2005 2406 minus
2052 2341 2234 2425 durau
2298 2363 2380 2406 ex
2430 2353 2609 2426 parte
2675 2340 2993 2404 membra-

403 2473 630 2515 nacea
677 2451 831 2515 fere.
880 2450 1253 2534 ferruginea
1300 2461 1364 2513 et
1410 2449 1686 2530 decolor,
1755 2449 2061 2513 deorsum
2130 2463 2191 2513 et
2262 2449 2584 2512 anteriora
2654 2469 2883 2512 versus
2932 2459 2993 2511 et

405 2559 594 2622 foras
651 2558 915 2641 directa,
963 2556 1184 2644 paullo
1233 2556 1532 2620 deorsum
1584 2568 1871 2619 curvata.
1903 2557 2093 2643 Apex
2127 2557 2327 2641 partis
2358 2553 2616 2618 tarsalis
2649 2555 2993 2639 insigniter

404 2665 812 2752 inaequalisz,
861 2664 1032 2728 latus
1079 2665 1218 2728 eius
1268 2665 1553 2727 exterius
1632 2685 1828 2749 prope
1876 2685 1912 2726 a
1963 2664 2255 2746 margine
2306 2663 2634 2748 superiore
2699 2661 2990 2725 carinula.

409 2785 696 2836 ornatur
741 2774 950 2856 nigra,
999 2771 1252 2834 modice
1301 2770 1600 2834 deorsum
1676 2773 1963 2854 curvata?
2034 2769 2205 2832 infra
2278 2791 2432 2832 vero
2503 2768 2796 2832 carinula
2865 2767 2993 2832 alia

408 2878 660 2944 librata
709 2879 846 2943 fere
893 2889 956 2942 et
1003 2881 1204 2955 reeta3
1254 2877 1551 2942 carinula
1598 2879 1892 2961 superior
1940 2877 2007 2938 in
2057 2875 2355 2941 subulam
2406 2877 2642 2940 desinit
2676 2877 2991 2951 ‚tenuissi-

412 3009 624 3063 mam;
673 2987 844 3050 inter
916 2985 1242 3048 carinulas
1311 2995 1698 3048 excavatum
1749 2999 1846 3048 est
1890 2983 2060 3048 latus
2109 2985 2412 3048 exterius.
2504 2983 2806 3069 Desuper
2852 2984 2993 3046 visa

411 3117 572 3180 pars
627 3093 884 3157 tarsalis
932 3093 998 3155 in
1049 3105 1230 3178 parte
1279 3091 1483 3155 basali
1555 3093 1802 3154 minore
1873 3093 2049 3154 intus
2122 3091 2373 3154 fortiter
2443 3089 2711 3154 dilatata
2781 3101 2879 3153 est
2925 3091 2991 3152 in

412 3199 646 3264 lobum
696 3200 1040 3264 rotundato
1087 3197 1624 3284 quadrangulum.
1673 3209 1810 3260 tum
1859 3198 2108 3282 apicem
2159 3220 2390 3262 versus
2440 3196 2631 3281 longe
2676 3209 2739 3260 et
2786 3219 2991 3282 paene

414 3306 850 3394 aequabiliter
899 3316 1245 3388 attenuata,
1295 3305 1479 3389 apice
1528 3327 1682 3367 vero
1731 3305 1870 3389 ipso
1917 3306 2091 3367 intus
2140 3303 2355 3391 paullo
2404 3303 2671 3367 dilatata
2720 3304 2785 3366 in
2836 3303 2993 3367 den-

413 3427 550 3478 tem
604 3413 808 3478 latum
879 3413 1278 3497 triangulum
1345 3410 1793 3475 sublibratum.
1874 3411 2065 3476 Bulbi
2146 3411 2446 3495 genitalis
2524 3433 2674 3498 pars
2751 3410 2991 3474 basalis

417 3522 592 3606 parti
640 3520 863 3584 tarsali
911 3519 1128 3604 paullo
1175 3541 1342 3606 pone
1388 3519 1600 3582 basim
1652 3518 1872 3581 subter
1920 3519 2094 3582 intus
2143 3518 2397 3602 adnata,
2431 3517 2579 3582 alba
2612 3519 2991 3598 (maximam.

417 3641 672 3714 partem
725 3627 970 3710 saltem,
1018 3628 1086 3688 in
1135 3626 1336 3689 latere
1385 3625 1704 3689 exteriore.
1769 3649 1923 3688 vero
1993 3649 2075 3688 ex
2146 3636 2327 3711 parte
2398 3646 2677 3708 cornea),
2754 3647 2989 3708 crassa

417 3733 640 3819 paullo
691 3756 1075 3818 compressa,
1123 3757 1162 3796 a
1207 3732 1410 3796 latere
1456 3734 1764 3797 interiore
1815 3733 1959 3795 visa
2008 3730 2740 3816 rotundato-trapeziea,
2790 3729 2991 3796 latere

419 3843 640 3906 antico
689 3840 954 3926 reliquis
1007 3841 1324 3924 longiore3
1370 3861 1522 3924 pars
1570 3838 1948 3922 terminalis⁷
1998 3861 2249 3922 cornea,
2312 3839 2687 3922 ferruginea
2752 3849 2815 3902 et
2878 3838 2992 3902 ba-

421 3949 549 4032 dia,
597 3946 782 4012 lateri
832 3948 1140 4012 exteriori
1187 3969 1384 4032 prope
1433 3947 1683 4032 apicem
1732 3947 1934 4033 partis
2002 3945 2237 4008 basalis
2286 3945 2537 4028 adnata,
2589 3945 2846 4010 lamella
2892 3959 2990 4010 est

423 4077 814 4141 compressa?
863 4055 1166 4118 deorsum
1214 4054 1476 4138 directa.²
1525 4077 1562 4116 a
1609 4054 1750 4118 basi
1798 4054 2045 4138 apicem
2114 4074 2344 4116 versus
2408 4051 2661 4118 fortiter
2706 4053 2991 4136 dilatata,

421 4161 617 4227 latior
663 4185 856 4247 quam
905 4161 1179 4245 longior,
1249 4159 1447 4226 latere
1519 4161 1764 4245 postico
1835 4160 2090 4223 fortiter
2162 4172 2442 4224 arcuato,
2514 4162 2727 4223 antico
2796 4170 2989 4243 recto²

424 4271 610 4356 apice
656 4268 782 4334 late
829 4278 893 4332 et
937 4267 1261 4355 profunde
1308 4267 1924 4332 rotundato-excisa.
1985 4268 2054 4330 in
2119 4267 2345 4331 dentes
2410 4268 2621 4354 itaque
2686 4267 2988 4330 desinens

426 4376 614 4439 duos:
663 4377 1050 4439 anteriorem
1101 4385 1383 4459 acutum,
1427 4375 1844 4462 posteriorem
1893 4374 2363 4458 rectangulum,
2412 4397 2605 4461 quum
2672 4398 2711 4438 a
2770 4373 2989 4456 latere,

425 4481 716 4547 breviter
763 4493 1072 4546 uncatum
1145 4504 1319 4566 vers),
1368 4504 1566 4566 quum
1600 4503 1638 4544 a
1671 4483 1884 4545 fronte
1920 4481 2306 4569 adspicitur3
2354 4487 2429 4545 ad
2480 4481 2755 4544 fundum
2807 4481 2987 4543 sinus

574 4733 610 4796 ¹)
649 4734 862 4782 Partem
919 4733 1198 4806 palporum
1259 4747 1685 4796 unamquamque
1725 4731 2072 4781 describimus
2126 4731 2375 4780 libratam
2428 4736 2481 4779 et
2530 4731 2681 4795 apice
2720 4729 2989 4779 anteriora

431 4838 614 4872 versus
649 4823 924 4873 directam.
