3825 5734
791 499 878 562 54

790 709 1219 774 coloratorum
1267 719 1560 792 ornatur3
1609 731 1643 773 e
1691 710 1947 795 pictura
1993 707 2131 772 hac.
2178 730 2408 794 parum
2458 707 2737 790 definita,
2788 708 3109 793 imprimis
3152 708 3355 771 mani-

791 816 990 882 festae
1039 829 1190 882 sunt
1235 816 1532 880 maculae
1582 815 1748 880 duae
1795 813 1983 880 albae
2031 814 2243 902 paullo
2292 825 2439 878 ante
2486 813 2775 878 medium
2840 813 3109 878 dorsum
3178 817 3355 879 sitae.

789 922 1134 1010 (Exempla
1179 924 1412 986 omnia.
1460 945 1623 1008 quae
1673 921 1828 1005 vidi,
1879 922 2023 1008 plus
2072 922 2373 986 minusve
2420 921 2651 986 detrita
2699 933 2891 1004 sunt).

923 1031 1094 1094 Mas
1141 1031 1418 1114 ignotus.

1539 1277 1806 1332 Pisaura
1844 1276 2259 1331 rufofasciata
2308 1277 2383 1330 de
2425 1275 2601 1330 Gcer.

924 1403 1316 1488 Exemplum
1363 1402 1555 1466 huius
1604 1403 1841 1489 speciei
1890 1403 1959 1464 in
2009 1401 2223 1466 insula
2269 1403 2462 1470 Creta
2508 1401 2749 1466 lectum
2798 1405 3047 1468 statura,
3117 1405 3351 1487 magna

790 1524 910 1575 est:
960 1508 1494 1596 cephalothorace
1521 1512 1625 1576 5-0
1649 1531 1778 1572 mm
1830 1508 2044 1592 longo,
2089 1511 2345 1596 pictura
2393 1531 2540 1573 cum
2611 1509 2882 1596 „Ocyale
2939 1509 3232 1574 menium*
3284 1507 3354 1579 O,

793 1619 864 1681 L.
915 1616 1104 1680 Koch
1135 1622 1179 1692 1)
1229 1618 1550 1681 convenit.
1615 1616 1961 1704 Epigynae
2028 1615 2233 1679 forma
2298 1614 2515 1702 paullo
2562 1615 2849 1680 insolita:
2898 1638 3048 1701 pars
3109 1616 3355 1700 postica

791 1725 1014 1788 furcae
1063 1745 1352 1808 corneae,
1399 1747 1562 1810 quae
1610 1734 1855 1809 partem
1904 1725 2187 1787 anticam
2237 1734 2299 1786 et
2347 1722 2631 1787 mediam
2680 1723 3002 1810 epigynae
3066 1732 3353 1810 occupat,

789 1833 856 1894 in
907 1829 1230 1895 lamellam
1280 1829 1547 1894 dilatata
1616 1841 1713 1894 est
1782 1853 2071 1915 parvam.
2144 1841 2601 1912 transversam,
2673 1829 3138 1914 rectangulam
3206 1830 3352 1892 0-32

791 1937 1004 2020 latam,
1054 1960 1146 2002 ca.
1192 1939 1341 2002 0·16
1388 1937 1669 2022 longam.
1762 1938 2016 2002 Foveae
2064 1937 2387 2025 epigynae
2459 1959 2621 2022 pone
2666 1947 2731 2002 et
2776 1936 2843 1999 in
2894 1936 3207 2000 lateribus
3252 1957 3354 1998 ro-

791 2045 1117 2127 tundatae‚
1164 2045 1308 2109 081
1361 2043 1549 2126 latae,
1596 2047 1746 2108 o·42
1794 2043 2044 2129 longae,
2112 2057 2375 2130 partem.
2438 2043 2629 2107 modo
2700 2066 2970 2131 parvam
3042 2043 3349 2128 posticam

793 2150 1074 2214 mediam
1146 2149 1350 2238 replet
1417 2149 1581 2216 haec
1627 2149 1913 2232 lamellat,
1995 2149 2273 2236 reliquas
2349 2161 2560 2238 partes
2639 2150 2960 2215 foramina
3034 2160 3355 2234 occupant

792 2280 1044 2343 magna.
1092 2257 1452 2340 rotundata,
1501 2279 1592 2322 ca.
1641 2257 1788 2322 0·18
1837 2257 1985 2335 lata„
2030 2279 2196 2342 quae
2246 2257 2485 2320 carinis
2534 2257 2782 2321 obtusis
2817 2256 3179 2320 latiusculis
3228 2257 3352 2320 cir·

790 2366 1320 2430 cumscribuntur
1364 2363 1432 2426 in
1481 2363 1741 2448 angulis
1789 2363 2087 2428 lamellae
2136 2365 2372 2428 anticis
2420 2365 2678 2427 initium
2704 2364 3129 2450 capientibus,
3176 2375 3354 2428 ante-

792 2472 963 2537 riora,
1010 2493 1242 2535 versus
1288 2470 1575 2555 directis,
1623 2481 1762 2535 tum
1797 2471 1973 2534 foras
2007 2481 2070 2534 et
2100 2469 2376 2556 denique
2426 2481 2593 2534 retro
2628 2471 2934 2534 curvatis.
2985 2468 3352 2554 Longitudo

793 2578 986 2642 totius
1035 2579 1356 2666 epigynae
1411 2580 1553 2642 1·14
1581 2601 1731 2641 mm.

1431 2827 1878 2880 Habrocestum
1917 2826 2365 2880 latitasciatum
2406 2827 2501 2895 (Ε.
2541 2826 2731 2894 Sim).

1824 2937 1956 2986 Tab.
2011 2937 2069 2998 1.,
2110 2934 2196 3000 fig.
2240 2935 2321 2987 17.

927 3059 1233 3123 Feminas
1293 3059 1652 3123 Habrooesti
1722 3058 2065 3122 cuiusdam
2130 3059 2197 3122 in
2259 3059 2449 3126 Creta
2509 3057 2712 3124 lectas
2779 3061 3151 3123 Habrooesto
3214 3061 3353 3123 latf-

779 3167 1061 3250 fascz‘ato
1107 3165 1205 3246 (E.
1254 3165 1452 3246 Sim).
1497 3164 1864 3252 Graeciam,
1911 3165 2191 3255 Syriam,
2254 3165 2688 3231 Palaestinam
2751 3164 3077 3246 incolenti,
3140 3167 3353 3246 (cuius

795 3296 932 3336 mas
979 3272 1166 3336 modo
1216 3272 1583 3359 descriptus
1631 3277 1768 3356 cst),
1817 3272 2307 3357 subiungendas
2338 3295 2587 3356 censeo,
2622 3272 2857 3359 pedum
2892 3274 3067 3336 enim
3102 3273 3353 3358 pictura

796 3382 1191 3444 conveniunt
1239 3403 1388 3444 cum
1439 3402 1616 3444 mare
1679 3379 1873 3443 huius
1937 3380 2193 3465 speciei.
2256 3379 2564 3444 differunt
2642 3391 2858 3443 autem
2922 3403 2961 3443 a
3022 3401 3199 3444 mare
3262 3379 3349 3443 H.

789 3489 1206 3572 papilionaeei
1251 3488 1348 3568 (L.
1395 3487 1582 3550 Koch
1615 3493 1680 3569 ²).

928 3595 1008 3657 In
1055 3615 1230 3657 mare
1279 3595 1643 3658 Habroeestc‘
1685 3595 2102 3677 papilionacei
2150 3593 2347 3680 pedes
2394 3593 2797 3676 (humefacti)
2830 3593 3047 3656 fulvo-
3080 3605 3144 3657 et
3176 3591 3353 3657 rufo-

793 3701 1017 3764 flavidi
1066 3713 1231 3764 sunt.
1279 3702 1634 3764 anteriores
1681 3699 2144 3786 posterioribus
2194 3698 2409 3786 paullo
2456 3700 2888 3782 obscuriores3
2937 3723 3103 3786 apex
3151 3700 3353 3764 femo-

795 3831 936 3870 rum
988 3807 1384 3870 anteriorum
1432 3808 1498 3869 in
1548 3807 1750 3870 latere
1799 3807 2014 3870 antico
2061 3807 2371 3871 inferiore
2420 3808 2630 3892 nigcr3
2678 3806 2918 3892 pedum
2983 3806 3032 3870 Ι.
3095 3805 3351 3893 patella,

795 3914 972 3997 tibia,
1017 3913 1193 3976 basis
1243 3914 1592 3996 metatarsi.
1639 3915 1706 3974 in
1755 3911 1959 3976 latere
2006 3915 2221 3977 antico
2269 3926 2331 3978 et
2376 3915 2685 3977 inferiore
2733 3913 2948 3977 antico
2982 3912 3195 3995 fusca3
3238 3935 3353 4000 pe-

797 4019 946 4083 dum
999 4019 1084 4083 11.
1133 4019 1370 4105 patella
1414 4019 1482 4082 in
1531 4019 1729 4084 latere
1792 4020 2008 4084 antico
2078 4019 2213 4084 fere
2278 4031 2425 4094 tote,
2488 4021 2647 4083 tibia
2718 4022 2785 4082 in
2856 4019 3083 4084 eodem
3152 4019 3353 4085 latere

797 4127 934 4190 basi
983 4137 1048 4192 et
1093 4128 1275 4214 apice
1323 4125 1548 4190 fuscae
1581 4139 1692 4190 aut
1723 4128 1976 4212 nigraer,
2012 4126 2249 4214 pedum
2282 4128 2709 4211 posteriorum
2744 4127 3019 4215 patellae
3051 4129 3118 4191 in
3152 4127 3351 4192 latere

797 4235 1011 4297 antico
1057 4233 1434 4317 infuscatae,
1483 4234 1678 4298 tibiae
1725 4235 1788 4296 in
1841 4233 2069 4299 eodem
2117 4233 2315 4299 latere
2348 4235 2485 4298 basi
2521 4237 2879 4318 angustius,
2926 4234 3110 4320 apice
3158 4233 3351 4298 latius

801 4341 981 4404 fusco
1029 4341 1390 4406 annulatae.
1438 4343 1500 4403 in
1553 4341 1754 4404 latere
1803 4344 2047 4426 postico
2118 4342 2299 4426 apice
2363 4355 2634 4425 anguste
2696 4343 3121 4427 nigricantem
3186 4363 3353 4427 apex

945 4611 978 4674 ¹)
1023 4610 1118 4658 Die
1156 4609 1510 4662 Aravhniden.
1551 4611 1653 4658 vol.
1695 4611 1853 4663 XIV..
1893 4610 1977 4672 fig.
2024 4609 2041 4659 1
2074 4609 2193 4660 348.

941 4696 979 4752 ²)
1017 4699 1190 4748 Mares
1231 4697 1555 4748 Habrocesti
1592 4697 1927 4762 lalis'asciati
1966 4707 2017 4748 et
2062 4699 2126 4747 II.
2160 4697 2534 4763 papilionucei
2560 4700 2788 4763 benigne
2814 4701 3090 4750 nobiscum
3119 4715 3351 4750 commu-

803 4788 1000 4836 nicavit
1038 4787 1144 4838 Cel.
1185 4789 1243 4836 Ε.
1285 4789 1524 4837 Simon.
