3825 5734
805 519 889 581 36

803 730 1050 815 latum),
1099 729 1333 815 sigillis
1381 728 1465 793 ad
1515 731 1726 814 ipsum
1757 730 2115 814 marginem
2167 731 2327 812 sitis,
2376 728 2895 813 sulciformibus,
2944 752 3175 816 parum
3224 754 3371 794 evo-

804 838 956 902 lutis
1006 849 1115 901 aut
1165 836 1500 900 subnullis.
1612 838 1798 901 Labii.
1887 858 2039 923 pars
2104 835 2373 923 apicalis
2436 836 2573 901 fere
2638 834 2909 900 dimidia
2970 850 3030 900 et
3090 840 3371 902 maxilla—

805 968 943 1009 rum
991 967 1140 1031 pars
1189 943 1429 1008 basalis
1478 944 1747 1006 interior
1793 943 2055 1007 abunde
2103 942 2557 1007 denticulatae.
2605 945 2795 1027 Palpi
2823 944 3075 1007 extensi
3110 945 3355 1029 apicem

804 1050 1187 1137 patellarum
1235 1051 1269 1115 I
1319 1051 1455 1115 fere
1503 1050 1855 1135 attingunt3
1904 1072 2127 1113 eorum
2174 1072 2325 1136 pars
2375 1049 2705 1113 femoralis
2753 1052 2851 1116 21
2904 1050 3116 1134 longa,
3166 1050 3364 1136 patel-

803 1156 958 1221 laris
1013 1159 1111 1221 1·4
1160 1158 1369 1242 longa,
1417 1158 1520 1221 0·ss
1569 1156 1715 1239 lata,
1777 1156 2025 1221 tibialis
2074 1159 2179 1220 24
2239 1155 2453 1240 longa,
2516 1160 2611 1221 1·1
2680 1157 2823 1238 lata,
2886 1157 3140 1221 tarsalis
3210 1160 3353 1221 1·Οἴ)

803 1266 1012 1349 longa,
1061 1266 1209 1329 075
1255 1263 1402 1327 lata.
1451 1266 1611 1327 Pars
1661 1262 1904 1327 tibialis
1978 1264 2253 1349 desuper
2314 1265 2459 1328 visa
2529 1262 2726 1329 latere
2788 1266 3089 1328 interiore
3151 1266 3359 1329 maxi·-

805 1394 972 1436 mam
1046 1384 1293 1456 partem
1366 1370 1688 1451 subrectQ
1755 1372 2073 1435 exteriore
2144 1370 2377 1435 leviter
2446 1381 2509 1434 et
2576 1370 3071 1457 inaequabiliter
3118 1372 3349 1453 (basim

803 1501 1029 1544 versus
1079 1477 1336 1561 fortius)
1405 1500 1716 1561 convexo²
1809 1478 2059 1562 apicem
2130 1500 2361 1541 versus
2428 1480 2646 1563 itaque
2716 1478 2946 1542 leviter
3014 1488 3373 1559 attenuata3

800 1610 838 1650 a
883 1586 1086 1649 latere
1132 1588 1276 1649 visa
1323 1608 1518 1671 supra
1565 1584 1816 1649 modice
1879 1598 1941 1649 et
1988 1607 2193 1672 paene
2262 1584 2686 1671 aequabiliter
2754 1606 3077 1667 convexa‚
3149 1584 3370 1648 subter

803 1694 992 1778 longe
1041 1692 1205 1773 (fere
1253 1714 1291 1755 a
1338 1692 1500 1767 basi)
1549 1692 2047 1778 inaequabiliter
2094 1692 2184 1775 (in
2256 1691 2525 1754 dimidio
2596 1691 2828 1778 apicali
2901 1692 3156 1771 fortius)
3204 1703 3363 1756 atte-

801 1810 1016 1884 nuata,
1063 1801 1247 1886 apice
1295 1798 1494 1885 duplo
1540 1799 1676 1862 fere
1724 1800 1979 1863 tenuior
2026 1821 2221 1884 quam
2270 1799 2337 1861 in
2374 1809 2552 1883 parte
2575 1797 2907 1861 latissima.
2960 1800 3115 1862 Pars
3162 1798 3363 1863 femo-

803 1906 956 1970 ralis
1001 1907 1272 1969 inermis
1321 1904 1600 1989 videtur,
1648 1904 1981 1989 patellaris
2032 1927 2227 1992 supra
2272 1906 2342 1967 in
2390 1905 2572 1991 apice
2621 1909 2757 1968 seta
2814 1904 3013 1989 longa
3072 1916 3368 2005 ornatur²

799 2013 1044 2078 tibialis
1094 2014 1156 2075 in
1210 2012 1479 2075 dimidio
1526 2011 1763 2098 apicali
1810 2012 2033 2075 lateris
2082 2012 2407 2076 interioris
2441 2034 2641 2097 supra
2672 2012 2917 2077 aculeis
2951 2012 3363 2075 mediocriter

802 2120 1012 2205 longis
1063 2119 1512 2204 subadpressis
1565 2123 1682 2203 1.1,
1729 2118 1906 2182 infra
1954 2118 2178 2183 aculeo
2231 2123 2260 2183 1
2314 2118 2620 2203 longiore,
2666 2132 2999 2205 praeterea
3049 2120 3111 2181 in
3162 2118 3359 2183 latere

805 2227 1111 2291 inferiore
1157 2228 1463 2291 interiore
1511 2228 1666 2289 setis
1715 2226 2013 2309 fortibus,
2077 2226 2212 2289 fere
2274 2225 2823 2305 aculeiforuiibu3‚
2885 2226 3268 2310 patentibuse
3318 2227 3359 2289 6

799 2347 908 2399 aut
959 2336 996 2399 8
1045 2335 1388 2414 instructa3
1458 2356 1608 2420 pars
1685 2332 1944 2397 tarsalis
2015 2333 2196 2420 apice
2268 2332 2515 2399 biloba.
2586 2331 2733 2396 lobo
2796 2332 3099 2396 interiore
3168 2355 3360 2417 quam

800 2442 1081 2506 exterior
1128 2440 1345 2527 paullo
1394 2440 1713 2524 breviore,
1762 2440 2009 2505 aculeis
2058 2442 2097 2503 2
2146 2441 2443 2524 (fortasse
2508 2440 2573 2517 3)
2620 2462 2747 2501 non
2812 2440 3066 2524 magnis
3114 2452 3355 2503 ornato,

801 2547 1047 2611 Bulbus
1095 2546 1398 2633 genitalis
1446 2548 1512 2610 in
1563 2547 1884 2613 embolum
1938 2548 2292 2633 productus
2340 2546 2607 2631 longum
2655 2545 2870 2621 valde,
2918 2552 3163 2631 apicem
3211 2570 3358 2609 ver-

800 2679 908 2719 sus
955 2679 1180 2741 parum
1231 2655 1731 2741 inaequabiliter
1778 2666 2214 2738 attenuatum,
2278 2655 2639 2738 marginem
2703 2652 3019 2740 apicalem
3081 2654 3356 2717 exterio-

801 2786 932 2827 rem
983 2764 1185 2848 partis
1235 2762 1566 2848 patellaris
1613 2764 2058 2845 attingentem.
2107 2762 2343 2826 Pedum
2406 2760 2651 2825 femora
2714 2782 2911 2848 supra
2972 2760 3053 2823 ad
3120 2760 3355 2825 lineam

801 2870 1166 2933 medianam
1216 2868 1459 2933 aculeis
1506 2880 1568 2933 et
1617 2870 1770 2932 setis
1818 2867 2352 2932 aculeiformibus
2385 2867 2643 2952 aliquot,
2676 2878 3009 2954 praeterea
3038 2868 3361 2932 anteriora

796 2980 863 3040 in
913 2976 1114 3041 latere
1161 2977 1375 3040 antico
1423 2977 1674 3062 apicem
1723 2998 1955 3041 versus
2026 2973 2251 3039 aculeo
2324 2978 2379 3057 1,
2451 2975 2569 3038 III.
2642 2975 2709 3037 in
2778 2973 3088 3038 lateribus
3158 2996 3353 3060 supra

801 3085 1121 3169 utrimque
1169 3082 1412 3146 aculeis
1484 3085 1523 3145 3
1572 3096 1684 3145 aut
1751 3085 1810 3160 4,
1882 3083 1995 3145 IV.
2069 3084 2137 3145 in
2209 3094 2479 3167 utroque
2542 3080 2741 3145 latere
2808 3083 3055 3168 apicem
3128 3102 3359 3145 versus

799 3191 1023 3255 aculeo
1078 3194 1130 3274 1,
1179 3189 1452 3275 patellae
1503 3190 1725 3254 subter
1773 3189 2019 3254 aculeis
2066 3200 2129 3251 et
2178 3189 2331 3252 setis
2380 3188 2656 3251 fortibus
2690 3190 2729 3252 3
2764 3200 2875 3252 aut
2914 3190 2972 3271 Ξ),
3006 3190 3359 3253 anteriores

796 3300 862 3359 in
912 3298 1112 3361 latere
1160 3298 1378 3360 antico
1427 3296 1670 3359 aculeis
1724 3300 1902 3361 1.1.1.
1951 3298 2087 3381 (aut
2139 3299 2279 3379 1.1),
2342 3295 2464 3359 ΙΙΙ.
2512 3297 2579 3358 in
2629 3295 2830 3359 latere
2894 3298 3105 3359 antico
3176 3298 3356 3377 1.1.1‚

800 3408 862 3467 in
912 3405 1158 3491 postico
1211 3408 1324 3467 1.1.
1372 3403 1488 3466 IV.
1538 3404 1604 3465 in
1655 3401 1853 3467 latere
1905 3416 2171 3487 utroque
2226 3408 2253 3465 l
2308 3414 2420 3465 aut
2464 3403 2508 3467 Ο
2572 3403 2681 3483 (P)
2744 3414 3053 3478 armatae;
3120 3402 3355 3487 pedum

798 3512 1192 3574 anteriorum
1241 3510 1438 3574 tibiae
1488 3508 1717 3574 leviter
1785 3511 2185 3574 incrassatae
2260 3509 2367 3590 (II.
2433 3509 2648 3595 paullo
2698 3510 2929 3573 fortius
2994 3532 3187 3595 quam
3258 3509 3353 3589 L).

797 3618 996 3681 tibiae
1045 3618 1092 3680 I.
1143 3619 1207 3679 in
1259 3617 1462 3680 latere
1510 3618 1725 3681 antico
1773 3616 2019 3680 aculeis
2076 3620 2166 3680 1.1
2222 3628 2331 3679 aut
2386 3620 2564 3699 1.1.1‚
2614 3617 2834 3681 subter
2880 3628 2943 3679 et
2975 3617 3041 3679 in
3076 3616 3347 3680 laterum

799 3736 974 3809 parte
1023 3724 1330 3788 inferiore
1378 3724 1622 3787 aculeis
1671 3746 1764 3787 ca.
1818 3726 1915 3807 17,
1964 3724 2162 3787 tibi'ae
2225 3723 2312 3787 ΙΙ.
2376 3724 2596 3788 subter
2658 3724 2723 3785 in
2788 3722 3057 3787 dimidio
3120 3722 3356 3810 apicali

797 3833 862 3893 in
913 3830 1382 3913 longitudinem
1433 3829 1721 3915 paullulo
1771 3853 2110 3893 concavae.
2159 3832 2227 3893 in
2278 3830 2547 3893 dimidio
2595 3830 2797 3895 basali
2846 3830 2925 3893 ad
2976 3829 3145 3893 latus
3178 3841 3355 3893 exte-

797 3939 931 4001 rius
979 3936 1223 4001 aculeis
1272 3936 1508 4000 validis
1559 3939 1598 4000 3
1646 3948 1709 4000 et
1757 3938 1910 4001 sctis
1960 3936 2492 4001 aculeiformibus
2526 3939 2767 4021 paucis,
2793 3938 2860 4000 in
2896 3937 3090 4001 latere
3138 3938 3353 4000 antico

796 4044 1041 4107 aculeis
1095 4048 1212 4127 1.1,
1259 4043 1457 4108 tibiae
1521 4044 1643 4107 III.
1715 4045 1939 4108 subter
2008 4042 2251 4107 aculeis
2322 4045 2505 4125 2227
2553 4056 2883 4130 praeterea
2947 4045 3013 4106 in.
3079 4056 3343 4129 utroque

797 4150 994 4213 latere
1044 4166 1104 4214 et
1152 4153 1217 4213 in
1268 4150 1437 4213 dorsi
1512 4150 1820 4215 lateribus
1869 4150 2129 4214 abunde
2176 4149 2535 4229 aculeatae;
2598 4151 2792 4215 tibiae
2841 4152 2955 4214 IV.
3026 4153 3355 4214 armatura

795 4256 988 4320 simili
1041 4258 1287 4335 (subter
1335 4257 1548 4343 paullo
1601 4260 1806 4343 magis
1855 4258 2166 4337 abundem
2236 4258 2566 4320 metatarsi
2631 4258 2679 4320 Ι.
2742 4259 2807 4319 in
2872 4256 3073 4321 latere
3136 4258 3349 4320 antico

795 4362 1019 4427 aculeo
1072 4367 1126 4446 1,
1176 4364 1395 4427 subter
1443 4364 1686 4427 aculeis
1735 4364 2030 4431 fortibus⁸
2078 4362 2491 4427 mediocriter
2561 4362 2788 4446 longia
2850 4364 3175 4449 plerisque
3222 4363 3351 4425 sal-

797 4484 924 4534 tem
971 4470 1190 4555 paullo
1240 4473 1627 4556 compressis
1675 4485 1738 4534 et
1784 4473 1967 4555 apice
2016 4470 2493 4535 obtusiusculis.
2565 4493 2655 4532 ca.
2720 4471 2822 4551 20,
2870 4470 3199 4533 metatarsi
3264 4469 3347 4533 II.

796 4580 861 4638 in
909 4575 1111 4639 latere
1159 4578 1373 4639 antico
1419 4600 1616 4663 prope
1663 4578 1949 4640 medium
2005 4580 2058 4659 l,
2108 4577 2328 4640 subter
2372 4578 2442 4639 in
2488 4578 2669 4661 apice
2733 4578 2772 4641 3
2836 4588 2898 4639 et
2959 4577 3024 4637 in
3083 4574 3351 4637 dimidio

796 4684 1029 4770 apicali
1087 4687 1176 4747 1.1
1230 4695 1341 4746 aut
1394 4685 1550 4747 121
1603 4706 1728 4746 non
1777 4685 2049 4769 magnis,
2101 4684 2429 4747 metatarsi
2475 4684 2861 4769 posteriores
2924 4684 2987 4745 in
3052 4680 3351 4745 omnibus

798 4790 1110 4853 lateribus
1159 4790 1418 4853 abunde
1469 4789 1769 4871 aculeati3
1817 4792 1972 4853 tarsi
2028 4790 2074 4853 I.
2139 4790 2384 4852 aculeis
2450 4791 2693 4873 parvis:
2759 4790 2980 4853 subter
3048 4793 3075 4852 1
3142 4810 3339 4875 prope
