3825 5734
2950 514 3031 577 57

477 725 642 809 ΓΠ,
686 734 898 787 tarsus
961 727 1134 799 (cum
1204 722 1601 808 unguiculis)
1665 725 1834 808 0·81‚
1891 724 2129 811 pedum
2199 724 2315 790 IV.
2378 734 2617 811 partes:
2688 726 2803 808 1·6‚
2868 725 3037 809 078,
3134 808 3143 817 ·

477 831 641 914 1·10‚
690 832 852 915 1220,
899 830 1049 895 0·84
1096 830 1344 915 longae.

1139 1062 1550 1131 Phalangium
1591 1064 1858 1117 saxatile
1918 1064 2007 1132 (C.
2047 1064 2115 1117 L.
2152 1064 2375 1132 Koch).

566 1189 765 1252 Maris
809 1187 1004 1252 huius
1053 1190 1288 1274 speciei
1339 1191 1404 1253 in
1452 1189 1646 1255 Creta
1691 1189 1841 1254 lecti
1891 1201 2161 1253 truncus
2210 1188 2346 1254 fere
2395 1192 2592 1253 bmm
2640 1188 2875 1275 longus
2922 1202 3035 1272 est,

477 1318 674 1380 supra
719 1296 1178 1360 evidenter
1223 1295 1774 1381 granulatua,
1827 1296 2154 1381 margines
2202 1295 2755 1382 cephalothoracis
2803 1295 3036 1360 latera-

471 1398 568 1465 les
614 1401 1014 1486 denticulati‚
1061 1404 1220 1467 tibia
1268 1404 1602 1490 palporum
1654 1403 1922 1491 spiculis
1968 1404 2193 1489 paucis
2241 1416 2304 1467 et
2349 1404 2574 1489 parvis
2621 1417 2879 1487 ornata,
2927 1426 3037 1489 pe-

477 1508 632 1573 dum
682 1510 971 1573 omnium
1019 1510 1214 1575 tibiae
1262 1532 1460 1595 supra
1505 1512 1804 1591 inei-mea,
1853 1520 2239 1574 metatarsus
2295 1511 2345 1573 I.
2396 1510 2811 1575 mediocriter
2874 1509 3035 1587 (fere

483 1626 552 1679 ut
598 1618 664 1680 in
713 1617 1070 1703 Phalanqio
1108 1620 1424 1701 parietino
1471 1618 1576 1682 De
1621 1617 1794 1683 Greer
1841 1640 1984 1681 esse
2016 1617 2201 1700 solet)
2233 1618 2649 1702 incrassatus,
2681 1617 2923 1705 patella
2947 1618 3034 1682 II.

475 1721 700 1786 subter
744 1723 1014 1810 spiculis
1063 1726 1328 1788 minutis
1377 1746 1505 1787 non
1555 1723 1775 1787 multis
1823 1734 2065 1806 ornata?
2114 1723 2351 1810 patella
2396 1724 2529 1808 IV„
2576 1726 2774 1789 tibiae
2807 1736 2869 1787 et
2902 1746 3037 1787 me—

471 1831 693 1893 tatarsi
743 1830 978 1917 pedum
1027 1832 1113 1895 ΙΙ.
1163 1842 1225 1895 et
1274 1832 1387 1896 IV.
1434 1832 1727 1894 inermia.
1765 1869 1850 1877 —
1882 1831 2305 1895 Feminarum
2337 1841 2610 1894 truncus
2657 1830 2741 1893 ad
2773 1832 2877 1895 &5
2902 1852 3031 1893 mm

471 1935 724 2021 longus,
771 1938 888 2001 vix
936 1938 1273 2003 evidenter
1318 1937 1732 2021 granulatus‚
1795 1940 1862 2000 in
1928 1940 2280 2021 segmentis
2328 1937 2757 2002 anterioribus
2806 1937 3033 2001 saltem

473 2043 758 2108 obsolete
807 2044 1260 2110 denticulatae.
1329 2081 1334 2087 ·

607 2152 992 2237 Phalanyia:
1039 2155 1301 2217 saxatile
1347 2164 1410 2217 et
1449 2155 1837 2236 parietinum
1883 2151 2045 2217 adeo
2091 2153 2349 2215 variant
2416 2152 2605 2234 notia
2666 2151 2903 2237 quibus
2952 2150 3032 2214 ab

473 2258 846 2323 auctoribus
895 2260 1402 2345 distinguuntur,
1473 2271 1543 2325 ut
1590 2261 1708 2323 vix
1756 2282 1868 2345 pro
1919 2260 2258 2345 speciebus
2304 2260 2584 2345 propriis
2630 2257 2858 2321 haberi
2888 2282 3037 2345 pos-

473 2366 617 2429 sint.
666 2364 1038 2431 Occurrunt
1083 2367 1382 2453 exempla
1427 2368 1766 2454 Pha‘lanqii
1797 2370 2084 2432 saxatilis
2115 2368 2360 2431 maiora
2391 2386 2583 2453 quam
2617 2367 3031 2453 Phalanqz'um

464 2474 852 2557 parietinum
861 2497 884 2553 ;
932 2474 1140 2537 forma
1187 2466 1514 2539 metatarsi
1565 2476 1632 2559 L,
1681 2486 2011 2539 armatura
2058 2473 2396 2560 palporum
2430 2485 2494 2539 et
2524 2472 2759 2560 pedum
2812 2474 3037 2536 incon-

471 2591 649 2643 stans
696 2592 808 2662 est⁷
855 2579 1050 2645 tibiae
1097 2580 1482 2645 feminarum
1532 2584 1598 2645 in
1647 2592 1919 2667 ‘utraque
1972 2582 2264 2667 „specie“
2319 2580 2545 2644 eadem
2608 2579 2817 2643 forma
2876 2578 3033 2643 mihi

476 2686 802 2751 videntur.
848 2687 1138 2773 Reliquis
1187 2691 1389 2770 noti5‚
1437 2712 1602 2775 quae
1651 2688 1734 2751 ad
1797 2687 2295 2773 distinguendas
2358 2686 2475 2750 has
2542 2686 2785 2750 formas
2850 2685 3037 2749 adhi-

473 2792 724 2875 bentur,
775 2793 1002 2857 melior
1049 2794 1208 2857 mihi
1271 2795 1621 2859 videbatur
1683 2795 2016 2881 sculptura
2078 2796 2318 2859 trunci:
2383 2793 2707 2878 granulati
2775 2796 2837 2855 in
2918 2793 3030 2856 Ph.

466 2902 803 2984 parieti-no,
851 2901 1146 2986 granulis
1195 2902 1476 2966 carentis
1523 2903 1591 2965 in
1639 2903 1751 2967 Ph.
1799 2904 2057 2967 saxatili
2090 2906 2156 2983 ¹);
2209 2900 2321 2963 sed
2372 2923 2498 2963 non
2548 2900 2781 2964 desunt
2828 2900 3036 2986 speci-

475 3009 656 3072 mina
703 3008 827 3091 (ex.
873 3032 966 3092 gr.
1016 3032 1107 3092 ea,
1154 3032 1318 3095 quae
1364 3010 1434 3074 in
1481 3008 1696 3073 insula
1743 3010 1935 3077 Creta
1981 3009 2149 3073 lecta
2199 3012 2369 3086 sunt)
2435 3009 2630 3072 etiam
2678 3009 2745 3070 in
2792 3006 2916 3071 hac
2963 3028 3033 3069 re

471 3114 686 3178 media
733 3116 900 3180 inter
947 3116 1364 3203 Phalanqium
1404 3119 1788 3199 pwietinum
1836 3128 1900 3180 et
1948 3117 2061 3180 Ph.
2111 3117 2389 3181 scwatile.

1187 3348 1574 3415 Platybunus
1614 3348 1923 3416 strigosus
1964 3348 2059 3416 (L.
2098 3346 2321 3414 Koch).

611 3472 756 3537 Non
806 3474 945 3537 sine
993 3473 1414 3537 haesitatione
1463 3473 1758 3559 exempla
1806 3475 1874 3535 in
1924 3473 2117 3537 Creta
2163 3471 2331 3535 lecta
2376 3472 2725 3555 Platybuuo
2772 3472 3033 3555 stt-iyoso

479 3579 806 3657 subiunxi,
853 3583 1155 3666 quoniam
1206 3581 1400 3645 tibiae
1449 3604 1672 3645 eorum
1721 3581 2065 3645 manifeste
2113 3578 2459 3664 angulatae
2508 3589 2682 3659 sunt3
2748 3588 3034 3641 ceterum

475 3710 704 3773 parum
752 3687 1062 3752 differunt
1109 3711 1184 3751 ca
1231 3711 1268 3751 a
1316 3688 1750 3775 descriptione
1795 3688 2157 3771 Platylophz'
2232 3688 2497 3772 stri903i‚
2546 3708 2737 3771 quam
2775 3682 3037 3771 protulit

476 3793 610 3861 Cel.
641 3796 758 3858 Dr.
785 3796 856 3859 L.
883 3796 947 3858 K
965 3817 1002 3858 o
1021 3818 1052 3857 c
1073 3794 1114 3857 h
1147 3801 1219 3880 ²):
1247 3794 1555 3881 pallidius
1582 3795 1862 3859 colorata
1889 3810 2040 3858 sunt
2065 3791 2513 3880 (probabiliter
2538 3814 2746 3878 nuper
2770 3790 3036 3872 adulta),

471 3900 884 3966 tuberculum
936 3901 1271 3966 oculorum
1335 3900 1684 3966 denticulis
1745 3900 1963 3987 paullo
2009 3899 2425 3985 paucioribus
2471 3902 2592 3983 (ca.
2643 3900 2706 3979 8)
2754 3908 3036 3979 ornatur,

473 4030 622 4093 pars
666 4008 910 4073 tibialis
955 4006 1294 4095 palporum
1346 4008 1536 4073 dente
1585 4008 1807 4073 subter
1866 4009 1989 4071 sito
2038 4018 2243 4072 caret:
2309 4005 2824 4093 Cephalothorax
2870 4005 3038 4067 inter

469 4116 663 4179 tuber
706 4114 1041 4179 oculorum
1089 4130 1152 4179 et
1199 4117 1561 4200 marginem
1609 4116 1893 4179 anticum
1948 4113 2296 4178 denticulis
2350 4115 2608 4177 16-22
2642 4124 3034 4176 ornatur.—

477 4222 786 4285 Feminae
832 4237 1105 4286 truncus
1157 4224 1190 4286 7
1220 4245 1386 4304 mm⁷
1451 4220 2339 4308 f‹⁴·.1nur—†—patella—l—tibia
2373 4234 2439 4295 -{—
2476 4231 2861 4284 metatarsus
2924 4241 3037 4304 pe-

619 4454 656 4519 ¹)
695 4456 756 4504 In
795 4462 1018 4520 utraque
1057 4457 1232 4520 specie
1273 4463 1494 4505 truncus
1537 4464 1709 4506 tectus
1748 4462 1830 4505 est
1867 4456 2107 4521 granulis
2147 4454 2537 4515 ininutissin1i3‚
2578 4453 2733 4502 valde
2762 4452 3033 4513 consortie,

469 4544 610 4593 inter
647 4560 780 4609 quae
817 4546 874 4594 in
912 4544 1218 4609 Phalanqio
1247 4543 1530 4611 parietino
1569 4546 1752 4595 adulto
1793 4573 1855 4580 —
1897 4561 2002 4592 non
2043 4559 2167 4592 vero
2206 4544 2259 4591 in
2298 4542 2511 4591 iuveni!
2557 4568 2617 4576 —
2659 4540 2889 4606 granula
2924 4556 3036 4589 ma·

470 4634 586 4682 iora
621 4650 724 4683 non
763 4650 938 4698 pauca
973 4636 1389 4699 conspiciuntur,
1429 4636 1484 4683 in
1523 4634 1619 4683 Pk.
1655 4630 1888 4683 saxatili
1927 4640 2105 4681 autem
2143 4632 2294 4681 nulla
2333 4640 2425 4680 aut
2465 4644 2747 4694 perpauca.

615 4720 654 4788 ¹)
691 4724 796 4773 Zur
833 4724 1200 4774 Ara-chniden-
1237 4723 1344 4773 und
1395 4723 1961 4787 Myriapoden-Fauna
2008 4721 2397 4784 sud-Europae.
2449 4719 2757 4786 (Verhandl.
2797 4717 2844 4767 d.
2886 4718 2937 4766 k.
2979 4718 3037 4769 k.

471 4812 1162 4878 Zoologiueh-botanischen
1201 4812 1564 4863 Gesellschaft
1602 4812 1658 4861 in
1700 4812 1870 4871 Wien‚
1913 4809 2085 4873 1867).
