3825 5734
2930 527 3019 590 39

1421 737 1796 792 Minotauria
1835 753 1893 790 11.
1933 753 2073 806 gen.

523 863 772 928 Genus
819 865 1286 948 Dysderewwn
1347 863 1448 946 (E.
1513 863 1710 946 Sim),
1774 862 1953 926 tibiis
2014 861 2315 926 omnibus
2379 862 2691 926 aculeatis
2761 863 3022 928 Stalitae

427 969 762 1036 Schiudte
809 983 872 1034 et
927 971 1216 1036 Orsolobo
1265 970 1336 1033 E.
1387 969 1542 1035 Sim.
1591 969 1822 1054 simile,
1895 969 1977 1033 ab
2026 970 2119 1033 eis
2166 968 2372 1034 oculis
2421 993 2537 1034 sex
2584 971 2749 1035 bene
2798 971 3019 1035 evolu-

427 1077 518 1140 tis
569 1077 828 1162 (paullo
875 1077 1092 1140 minus
1139 1088 1359 1140 tamen
1391 1099 1586 1162 quam
1620 1075 1686 1138 in
1719 1077 2013 1160 Dysdera
2043 1077 2218 1140 Latr.
2252 1088 2361 1141 aut
2412 1077 2731 1162 Harpacte
2755 1077 3019 1164 Temp.·›.

429 1195 732 1270 quatuor
775 1182 1242 1271 posterioribus
1289 1185 1360 1246 in
1408 1182 1645 1247 lineam
1670 1182 1889 1269 paullo
1930 1205 2321 1270 procurvam
2370 1183 2717 1271 dispositis,
2764 1184 3019 1248 duobus

431 1302 592 1354 ante
645 1313 762 1354 eos
809 1292 970 1374 sitis,
1017 1290 1416 1354 distinctum.

575 1395 746 1462 obs,
793 1398 1158 1482 Diagnosin
1206 1398 1466 1482 generis
1536 1398 1798 1462 Stalitae
1841 1399 1906 1460 in
1958 1420 2163 1485 opere:
2212 1397 2382 1484 quod
2431 1398 2809 1462 inscribitur
2860 1398 3021 1484 „Hi-

433 1505 648 1568 stoire
699 1503 1020 1569 naturelle
1069 1505 1184 1568 des
1231 1505 1634 1589 Araignees“
1684 1505 1864 1584 (edit.
1911 1507 1971 1587 2,
2022 1505 2145 1569 vol.
2200 1509 2253 1588 1,
2300 1529 2444 1592 pag.
2511 1508 2684 1589 319),
2746 1505 2879 1571 Cel.
2944 1505 3017 1570 Γ.

435 1609 736 1676 Simon
785 1633 916 1675 non
965 1611 1324 1675 secundum
1373 1612 1658 1697 speciem
1705 1611 1994 1700 typicam
2042 1613 2141 1692 (S.
2195 1615 2479 1676 tasum-ia
2528 1611 2855 1692 Schiodte)
2905 1611 3018 1675 sed

433 1718 814 1783 secundum
866 1718 1160 1782 Stalz'tam
1213 1719 1524 1782 Schio'dtei
1567 1717 1755 1782 Thor.
1802 1719 2017 1805 potius
2064 1721 2527 1806 conscripsisse
2574 1719 2851 1784 videtur.
2883 1719 3019 1783 Me·-

433 1827 679 1889 tatarsi
727 1827 778 1888 I.
833 1827 1101 1890 Stalitae
1147 1828 1466 1890 menariae
1509 1826 1793 1890 inermes
1843 1837 2009 1910 sunt,
2072 1825 2378 1890 maxillae
2442 1826 2657 1890 media
2703 1825 2839 1890 fere
2888 1826 3019 1889 for-

437 1935 548 1996 ma
601 1934 779 1997 inter
828 1931 1130 1996 maxillas
1182 1933 1502 2016 Dysderae
1547 1943 1611 1996 et
1661 1933 2043 2016 Harpactz'S.
2109 1934 2171 1996 in
2237 1932 2436 1998 latere
2500 1933 2819 1998 exteriore
2882 1935 3019 2019 api-

433 2061 585 2102 cem
641 2062 874 2104 versus
921 2061 1051 2102 non
1099 2039 1404 2103 dilatatae
1451 2050 1546 2118 (ut
1593 2040 1662 2102 in
1709 2041 2047 2124 Dysdera).
2118 2041 2230 2104 sed
2280 2041 2465 2128 apice
2514 2039 2777 2104 brevius
2823 2063 3015 2126 quam

434 2147 507 2208 in
561 2148 862 2230 Dysdera
911 2157 974 2210 et
1025 2146 1282 2230 longius
1330 2169 1526 2231 quam
1573 2149 1638 2209 in
1696 2148 2013 2232 Harpaete
2061 2147 2486 2211 acuminatae.
2537 2149 2603 2210 in
2654 2146 2856 2212 latere
2902 2169 3017 2212 ex-

435 2255 689 2317 teriore
749 2255 1028 2340 paginae
1091 2254 1446 2340 superioris
1509 2253 1760 2317 serrula
1823 2277 1951 2316 non
2014 2266 2295 2318 ornatae.
2389 2255 2651 2318 Stalitae
2713 2255 3021 2318 Schiadtez·

439 2359 762 2424 maxillae
810 2359 1017 2424 forma
1065 2359 1280 2446 paullo
1327 2361 1590 2447 propius
1655 2361 1734 2424 ad
1785 2362 2164 2445 Harpactem
2230 2360 2541 2425 accedere
2602 2360 2911 2424 videntur
2956 2371 3020 2424 et

439 2466 702 2531 serrula
749 2479 1090 2549 ornanturz,
1139 2469 1278 2532 eius
1329 2469 1656 2531 metatarsi
1714 2469 1757 2530 1.
1805 2467 2029 2532 subter
2090 2467 2337 2532 aculeis
2402 2469 2467 2536 (3
2517 2480 2627 2532 aut
2674 2471 2739 2547 4)
2787 2470 3018 2532 armati

441 2586 618 2639 sunt.
667 2575 1060 2640 Minotauria
1111 2573 1531 2638 maxillarum
1581 2573 1788 2637 forma
1837 2587 1900 2638 et
1950 2575 2200 2639 serrula
2246 2575 2503 2639 evoluta
2567 2598 2716 2638 eum
2788 2577 3019 2640 Stalita.

443 2683 778 2762 Schib‘dtei,
827 2683 1191 2746 metatarsis
1239 2683 1289 2745 l.
1337 2681 1695 2744 inermibus
1744 2705 1892 2744 cum
1948 2683 2179 2747 Stalita
2228 2685 2511 2747 taenea-ia
2544 2684 2864 2746 convenit.
2897 2683 3019 2747 La-

441 2787 632 2854 bium
680 2791 820 2853 eius
868 2789 1048 2876 apice
1098 2788 1429 2852 levissime
1477 2790 1772 2853 excisum
1837 2795 1933 2870 (ut
1980 2791 2045 2852 in
2118 2791 2348 2854 Stabita
2414 2789 2740 2874 Schio'dtez‘,
2802 2791 3017 2853 minus

441 2919 644 2982 quam
694 2898 759 2959 in
813 2897 1135 2980 Harpacte
1181 2897 1521 2960 rubicundo
1569 2895 1661 2976 (O.
1709 2897 1782 2960 L.
1831 2895 2045 2978 Koch)
2094 2907 2156 2959 et
2204 2895 2406 2959 multo
2453 2897 2668 2959 minus
2714 2918 2908 2981 quam
2948 2898 3016 2959 in

443 3003 746 3087 Dysclera
791 3003 1113 3087 erythrina
1162 3004 1381 3085 Latr.).
1430 3002 1849 3066 Mandibulae
1881 3025 2113 3090 parum
2144 3004 2485 3090 proiectae,
2535 3003 2718 3089 apice
2766 3003 3017 3068 modice

442 3109 714 3195 oblique
759 3115 988 3196 (aeque
1037 3109 1174 3174 fere
1219 3121 1412 3195 atque
1459 3111 1526 3173 in
1577 3111 1898 3194 Harpacte
1933 3111 2289 3192 rubicundo,
2340 3109 2541 3174 multo
2575 3111 2789 3173 minus
2822 3133 3017 3196 quam

440 3218 512 3281 in
567 3218 860 3301 Dysdera
905 3218 1260 3300 erythrimt)
1307 3227 1662 3300 truncatae,
1711 3216 1893 3280 sulco
1944 3217 2359 3300 unguiculari
2425 3218 2491 3280 iu
2558 3219 2853 3302 margine
2900 3239 3014 3280 an-

441 3326 577 3388 tico
629 3324 710 3388 ad
759 3323 1073 3408 angulum
1125 3323 1428 3388 (lentibus
1476 3324 1728 3388 duobus
1792 3335 1856 3387 et
1917 3325 1985 3386 in
2048 3325 2344 3409 margine
2407 3326 2651 3408 postico
2715 3322 3017 3388 dentibus

443 3430 706 3495 duobus
753 3432 921 3516 apici
969 3432 1379 3518 propioribus
1427 3443 1666 3494 ornato,

1278 3644 1650 3698 Minotauria
1701 3644 1967 3698 Attemsi
2006 3660 2065 3698 n.
2104 3660 2194 3712 sp.

1471 3755 1601 3803 rab.
1645 3755 1682 3805 1.
1725 3754 1809 3818 fig.
1851 3753 1903 3815 2,
1942 3755 1991 3804 3.

583 3841 774 3906 Mas.

591 3948 1086 4033 Cephalothorax
1133 3949 1234 4011 3·ss
1259 3972 1393 4011 mm
1442 3949 1690 4032 longus.
1755 3950 1852 4012 27
1905 3948 2105 4032 latuS‚
2170 3948 2480 4012 lateribus
2546 3971 2741 4035 supra
2803 3948 3009 4013 basim

445 4056 790 4144 palporum
862 4055 1151 4138 (circiter
1198 4055 1264 4117 in
1318 4056 1396 4139 ¹s-‘5
1431 4055 1882 4138 longitudinis)
1917 4055 2169 4120 modice
2202 4057 2494 4139 sinuatiS‚
2537 4054 2747 4120 fronte
2782 4078 2874 4120 ca.
2911 4059 3012 4120 1·4

443 4163 596 4248 lata,
643 4161 878 4227 leviter
924 4161 1281 4244 rotundam,
1328 4185 1454 4225 non
1505 4161 1688 4243 altura,
1739 4162 1925 4225 dorso
1959 4185 1996 4226 a
2026 4175 2208 4249 parte
2239 4165 2501 4247 postica,
2548 4183 2713 4248 quae
2761 4162 3013 4226 modice

450 4270 726 4334 declivis
775 4281 838 4334 et
887 4269 1136 4334 modice
1185 4283 1449 4334 arcuata
1495 4280 1608 4351 est,
1657 4271 1983 4334 anteriora
2034 4292 2261 4334 versus
2310 4269 2670 4334 sublibrato
2732 4279 2795 4333 et
2860 4268 3013 4332 sub-

453 4391 628 4440 recto
675 4378 817 4456 (vix
864 4379 1222 4460 excavato).
1292 4377 1362 4438 in
1411 4389 1592 4463 parte
1663 4378 1879 4440 antica
1951 4377 2173 4440 oculos
2244 4399 2473 4441 versus
2543 4388 2639 4440 sat
2710 4376 2901 4460 longe
2948 4387 3013 4440 et

453 4482 702 4546 modice
751 4482 1172 4546 descendenti
1241 4495 1304 4546 et
1372 4482 1606 4547 leviter
1674 4495 1953 4547 arcuato
2022 4483 2255 4550 Suleus
2327 4484 2577 4548 medius
2648 4485 2761 4546 vix
2833 4483 3009 4547 cerni

451 4602 674 4677 potest.
723 4589 1065 4656 Subtiliter
1109 4601 1172 4654 et
1223 4589 1422 4654 dense
1469 4590 1848 4654 reticulatus
1897 4603 1995 4655 est
2028 4590 2547 4677 cephalothorax.
2594 4591 3012 4655 mediocriter

451 4697 641 4760 modo
687 4698 916 4778 nitens.
967 4697 1030 4760 in
1079 4709 1262 4781 parte
1310 4696 1638 4783 cephalica
1713 4699 1999 4762 anterius
2049 4709 2146 4760 sat
2192 4698 2475 4762 obsoleto
2522 4697 2900 4762 reticulatus
2948 4709 3010 4760 et

451 4803 682 4868 fortius
730 4805 962 4888 nitenS,
1011 4803 1160 4890 pilis
1211 4804 1520 4868 brevibus
1568 4807 1792 4890 paucis
1839 4816 2122 4888 ornatuS‚
2171 4808 2235 4868 in
2283 4817 2467 4892 parte
2515 4804 2849 4890 cephalis-a
2895 4827 3010 4867 an-
