3825 5734
2958 536 3045 601 53

479 750 632 813 068
657 771 784 811 mm
835 748 1087 832 distat),
1147 746 1474 833 profunda
1533 758 1658 831 estg
1707 749 1845 811 eius
1893 746 2157 811 fundus.
2220 747 2402 813 sulco
2462 749 2702 835 optime
2764 750 3044 813 circum-

479 855 780 941 scriptus.
825 877 1119 920 corneus
1165 853 1504 918 obscurior
1571 876 1764 941 quam
1835 854 2063 919 foveae
2132 856 2480 939 margines,
2544 856 2925 941 inaequalis:
2974 858 3037 919 in

481 961 954 1046 longitudinem
1002 972 1112 1025 aut
1159 982 1493 1026 convexus
1541 972 1652 1025 aut
1715 962 1784 1025 in
1832 960 2146 1046 angulum
2212 961 2476 1029 fractus
2538 974 2787 1048 partem
2853 962 3040 1025 modo

479 1070 864 1133 anteriorem
914 1068 1140 1133 foveae
1186 1080 1477 1154 occupat,
1523 1068 1877 1154 posteriora
1924 1090 2153 1132 versus
2200 1068 2390 1132 latior
2436 1068 2524 1134 fit.
2574 1090 2737 1153 pone
2767 1068 2941 1133 linea
2973 1070 3037 1132 in

475 1175 789 1261 angulum
869 1176 1168 1239 obt-usum
1245 1174 1452 1261 (apice
1515 1186 1686 1238 retro
1757 1174 2101 1258 directum)
2172 1174 2377 1238 fracta
2448 1174 2697 1255 finitur3
2760 1176 3035 1262 spatium

478 1282 682 1345 fundo
730 1282 960 1345 foveae
1006 1294 1070 1345 et
1115 1282 1392 1367 margini
1443 1282 1774 1367 epigastrii
1825 1283 2255 1347 interiectum.
2301 1283 2693 1345 0·‘24—0·32
2756 1280 3039 1367 longum,

476 1389 680 1454 laeve.
725 1388 1046 1471 glabrum.
1093 1388 1390 1471 nitidum,
1438 1388 1794 1474 posteriora
1842 1410 2073 1451 versus
2121 1389 2359 1451 sensim
2411 1388 2749 1453 adscendit
2796 1402 2859 1453 ct
2908 1389 3034 1451 sul-

477 1518 554 1560 co
601 1519 726 1559 non
777 1494 1099 1581 profundo
1147 1494 1544 1558 dimidiatur.

617 1603 1111 1687 Cephalothoraae
1155 1602 1567 1665 humefactus
1619 1602 1977 1685 umbrinus
2025 1620 2207 1686 parte
2256 1601 2587 1689 cephalica
2632 1602 3037 1688 rufo-fuligi-

474 1714 615 1787 nea,
661 1732 913 1773 summo
963 1710 1254 1795 margine
1324 1709 1693 1793 nigricanti.
1761 1710 1927 1771 vitta
1996 1708 2208 1771 media
2278 1709 2657 1773 abbreviata
2726 1724 2789 1772 ct
2858 1711 3037 1773 vittis

473 1815 946 1901 marginalibus
994 1815 1404 1879 mediocriter
1453 1814 1599 1878 latis
1645 1802 2119 1901 pallidioribus,
2182 1838 2407 1901 parum
2476 1818 2800 1901 expressis
2848 1840 3037 1881 orna-

473 1938 598 1987 tus,
645 1922 1064 1988 Mandibulae
1126 1921 1676 2005 rufo—fuligineae.
1748 1921 1993 1985 labium
2058 1935 2120 1986 et
2190 1921 2495 1986 maxillae
2564 1923 2780 2008 paullo
2848 1924 3035 2011 palli-

472 2031 675 2095 diora.
723 2032 904 2117 apice
953 2029 1197 2109 albidag
1247 2040 1534 2092 sternum
1585 2042 1959 2093 castaneum
1994 2042 2105 2093 aut
2140 2029 2283 2091 rufo
2318 2030 2711 2113 umbrinum‚
2746 2033 3035 2115 margine

473 2138 871 2217 obscuriore3
922 2160 1124 2201 coxae
1173 2147 1393 2200 sterno
1441 2134 1660 2221 paullo
1708 2134 2096 2221 pallidiores
2145 2136 2340 2221 pedes
2388 2136 2661 2201 obscure
2710 2137 2874 2201 fulvi
2925 2152 3033 2202 aut

473 2244 1168 2309 rufescenti-umbrini.
1218 2245 1410 2307 tarsis
1457 2242 1923 2329 pallidioribus²
1984 2243 2229 2306 femora
2292 2244 2514 2307 subter
2577 2243 2765 2308 fusco
2828 2268 3035 2309 annu-

471 2352 621 2417 lata.
669 2350 926 2415 annulis
973 2352 1176 2415 ternis
1223 2352 1287 2412 in
1337 2349 1614 2437 pedibus
1662 2349 2141 2436 posterioribus,
2211 2350 2382 2414 binis
2444 2352 2512 2414 in
2583 2353 3033 2417 anterioribus

473 2460 670 2524 tibiae
717 2457 974 2522 annulis
1025 2458 1228 2521 fuscis
1275 2456 1466 2541 binis,
1513 2480 1710 2543 supra
1757 2458 2105 2543 subterque
2154 2456 2281 2521 late
2324 2458 2704 2545 interruptis
2752 2471 3031 2544 ornatae,

471 2566 670 2630 tibiae
717 2567 766 2631 I.
815 2577 924 2629 aut
973 2566 1166 2629 etiam
1216 2565 1302 2629 ΙΙ.
1349 2575 1414 2627 et
1460 2566 1789 2628 metatarsi
1839 2564 1888 2628 Ι.
1939 2576 2049 2627 aut
2096 2566 2145 2628 I.
2210 2577 2271 2629 et
2334 2564 2420 2628 II.
2469 2564 2793 2629 infuscata.
2810 2618 2826 2649 ,
2896 2568 3029 2631 basi

473 2672 830 2760 pallidiora,
880 2672 1207 2736 metatarsi
1254 2673 1638 2758 posteriores
1687 2673 1872 2755 apice
1930 2671 2211 2735 obsolete
2280 2671 2599 2754 annulati3
2671 2684 2803 2737 tota
2870 2673 3030 2738 haec

471 2782 724 2865 pictura
771 2779 1022 2843 modice
1070 2792 1180 2842 aut
1228 2778 1640 2842 mediocriter
1687 2800 2013 2863 expressa.
2061 2778 2247 2864 Palpi
2296 2779 2569 2842 obscure
2640 2777 2802 2841 fulvi
2854 2792 3031 2865 parto,

472 2886 678 2951 tibiali
737 2897 799 2951 et
843 2886 1224 2973 praesertim
1301 2884 1519 2949 tarsali
1586 2888 1902 2949 castanea.
1977 2886 2288 2949 Abdomen
2361 2908 2555 2970 supra
2625 2885 3029 2971 fuligineum.

471 2996 693 3059 subter
739 2992 1132 3057 umbrinum.
1179 3004 1478 3055 ornatum
1528 2992 1750 3056 subter
1799 2993 1979 3055 vittis
2026 2991 2478 3078 pallidioribus
2526 2991 2777 3056 duabus
2824 3015 3030 3078 angu-

469 3102 605 3184 stis}
649 3102 822 3164 inter
867 3123 934 3163 se
982 3101 1444 3187 approximatis
1493 3112 1556 3163 ct
1603 3100 1672 3162 in
1719 3098 2031 3163 lateribus
2106 3100 2351 3163 ventris
2418 3100 2601 3163 vittis
2669 3098 3029 3183 latioribus.

467 3230 693 3294 parum
745 3208 1097 3292 expressis3
1145 3206 1408 3270 dorsum
1441 3206 1806 3270 abdominis
1849 3206 2013 3269 vitta
2042 3205 2289 3290 pictum
2320 3205 3027 3276 rufescenti-umbriua.

470 3324 571 3379 sat
615 3315 760 3398 lata,
806 3313 1119 3378 lateribus
1167 3314 1235 3375 in
1283 3325 1463 3398 parte
1528 3312 1847 3376 anteriore
1926 3314 2152 3395 rectis,
2229 3314 2297 3374 in
2372 3314 2725 3397 posteriore
2801 3313 3027 3377 obtuse

467 3422 758 3503 serratisg
820 3422 1006 3484 cuius
1055 3421 1256 3483 vittae
1304 3442 1452 3505 pars
1499 3420 1714 3483 antica
1762 3419 2022 3482 macula
2056 3418 2371 3503 fuliginea
2404 3419 2845 3505 subquadrata
2892 3420 3027 3484 fere

469 3527 770 3614 repletur.
816 3550 968 3613 pars
1013 3526 1262 3613 reliqua
1312 3526 1583 3611 angulos
1633 3526 1983 3609 fuligineos
2032 3525 2275 3611 aliquot
2338 3526 2645 3611 (primum
2718 3548 3027 3613 crassum,

469 3634 752 3721 reliquos
800 3646 899 3697 sat
946 3638 1282 3719 angustos)
1328 3635 1636 3697 continet:
1707 3634 1776 3695 in
1840 3632 2157 3717 exemplis
2226 3632 2503 3696 obscure
2573 3632 2874 3697 coloratis
2924 3656 3024 3699 re-

469 3752 641 3806 stant
686 3764 722 3805 e
771 3742 926 3805 vitta
976 3739 1243 3827 pallida:
1294 3741 1359 3803 in
1409 3751 1588 3825 parte
1635 3740 1852 3804 antica
1899 3738 2109 3803 lineae
2158 3738 2325 3802 duae
2360 3738 2724 3825 parallelae,
2774 3741 2837 3803 in
2888 3740 3025 3804 lon-

466 3848 829 3934 gitudinem
879 3848 1177 3931 directae²
1224 3870 1392 3933 pone
1439 3868 1563 3911 eas,
1617 3845 1834 3932 paullo
1881 3857 2033 3909 ante
2082 3845 2366 3909 medium
2417 3844 2699 3931 dorsum,
2733 3846 3024 3910 maculae

467 3966 567 4019 sat
612 3977 870 4042 parvae,
918 3953 1494 4038 subtriangulareS,
1541 3955 1608 4015 in
1637 3953 1810 4017 dorsi
1837 3952 2109 4016 dimidio
2158 3954 2511 4038 posteriore
2559 3954 2739 4039 paria
2764 3954 3024 4017 circiter

464 4063 590 4126 tria
633 4060 1038 4125 macularum
1089 4061 1302 4124 minus
1350 4061 2045 4148 expressarum..inter
2092 4082 2160 4125 se
2209 4058 2353 4145 plus
2418 4061 2717 4123 minusve
2776 4061 2845 4122 in
2910 4082 3023 4123 an·-

462 4168 649 4255 gulos
698 4168 972 4253 pallidos
1021 4167 1532 4231 coniuncturum.
1584 4167 1910 4230 Mamillae
1960 4167 2219 4231 infimae
2269 4164 2819 4251 rulo-fuliginosis
2868 4167 3021 4230 arti-

465 4274 652 4340 culus
701 4274 935 4339 basalis
984 4295 1434 4359 supremarum
1501 4272 1713 4337 colore
1776 4273 2035 4358 eodem,
2098 4272 2410 4337 articulus
2474 4270 2741 4358 apicalis
2802 4272 3021 4359 paullo

463 4380 780 4467 pallidior.

598 4490 986 4553 Desiccatus
1033 4488 1508 4572 cephalothorax
1553 4489 1716 4551 vitta
1764 4486 1979 4551 media
2025 4486 2241 4550 albida
2310 4497 2420 4550 aut
2468 4490 2739 4568 cremea²
2788 4485 3021 4549 abbre-

461 4596 655 4675 viata,
701 4619 738 4661 e
783 4595 955 4680 pube
1003 4594 1278 4658 formata
1327 4594 1536 4681 pictus
1585 4605 1697 4678 est,
1743 4596 2033 4659 abdomen
2098 4594 2268 4680 pube
2336 4592 2553 4656 albida
2622 4604 2905 4677 ornatur,
2952 4594 3017 4655 in

461 4702 638 4765 dorsi
683 4702 994 4767 lateribus
1042 4700 1351 4788 dispersa,
1397 4702 1464 4765 in
1513 4704 1652 4765 eius
1699 4712 1882 4786 parte
1933 4700 2145 4765 media
2210 4702 2275 4763 in
2331 4702 2652 4784 picturam
2714 4704 3018 4783 congesta

461 4810 734 4873 similem
785 4820 976 4896 atque
1047 4830 1140 4893 ea,
1207 4812 1334 4895 qua
1403 4809 1664 4871 dorsum
1737 4808 2179 4871 humefactum
2254 4805 2699 4892 exemplorum
2746 4806 3017 4869 obscure
