3825 5734
2954 530 3046 594 55

475 754 970 809 metatarsorum
1019 742 1302 808 obsolete
1373 742 1754 807 infuscatus.
1831 744 2132 809 Ceterum
2212 754 2437 805 carent
2514 741 2711 829 pedes
2786 742 3045 828 pictura

473 850 893 914 evidentiore.

609 958 810 1021 Maris
861 958 1222 1023 Habroceste·
1271 955 1646 1039 latifasciatz'
1696 956 1944 1020 femora
1988 958 2206 1021 omnia
2251 957 2435 1043 apice
2498 956 2687 1041 nigro
2735 954 3044 1019 annulata

475 1076 644 1147 sunt,
691 1063 952 1127 annulis
1001 1064 1222 1127 subter
1268 1062 1413 1128 late.
1461 1085 1658 1150 supra
1726 1074 1999 1147 anguste
2068 1064 2475 1148 interruptis3
2546 1064 2613 1125 in
2683 1061 2885 1126 latere
2930 1084 3045 1148 po-

475 1171 636 1235 stico
681 1170 948 1235 femoris
997 1170 1082 1235 ΙΙ.
1131 1192 1280 1235 cum
1327 1169 1572 1243 annulo
1617 1169 1853 1255 apiculi
1905 1170 2136 1235 umbra
2162 1170 2349 1234 fusca
2380 1169 2801 1253 coniungitur
2830 1168 3043 1233 basim

478 1300 706 1341 versus
755 1276 970 1341 dueta.
1017 1275 1237 1363 paullo
1307 1276 1703 1343 abbreviata.
1769 1278 1836 1339 in
1909 1279 2202 1362 margine
2272 1278 2487 1341 antico
2558 1277 2833 1341 sinuata.
2902 1274 3042 1340 basi

475 1383 798 1470 profunde
844 1385 1092 1462 excisa3
1142 1382 1388 1447 femora
1436 1384 1556 1449 111.
1607 1397 1670 1448 et
1715 1384 1830 1448 IV.
1879 1396 2107 1447 ornata
2141 1383 2275 1449 basi
2314 1383 2537 1448 subter
2569 1382 2822 1447 macula
2859 1382 3043 1447 fusca

477 1502 540 1554 et
585 1512 784 1575 supra
831 1512 975 1555 eam
1023 1490 1281 1555 macula
1327 1490 1544 1576 paullo
1591 1491 1807 1554 minus
1855 1494 2179 1575 expressa.
2227 1514 2389 1577 quae
2439 1514 2587 1554 cum
2619 1488 2860 1553 annulo
2908 1488 3043 1573 api-

477 1596 602 1661 cali
647 1596 898 1661 umbris
949 1598 1151 1661 fuscis
1199 1596 1388 1681 binni,
1437 1597 1654 1685 paullo
1701 1597 1980 1683 obliquis
2042 1600 2133 1677 (in
2196 1598 2401 1662 latera
2469 1595 3043 1675 adscendentibus)

476 1703 966 1789 coniunguntur
1011 1706 1200 1787 (vitta
1246 1706 1562 1789 posterior
1621 1705 1688 1767 in
1739 1704 2013 1791 pedibus
2078 1705 2195 1769 IV.
2258 1704 2587 1787 obsoleta).
2678 1703 2929 1766 Pedum
2996 1702 3043 1765 Ι.

478 1810 716 1895 patella
763 1811 925 1875 tibia
973 1824 1356 1875 metatarsus
1403 1824 1618 1877 tarsus
1665 1812 2095 1896 fusco-nigra,
2142 1812 2332 1876 dorso
2379 1813 2578 1875 tibiae
2642 1823 2706 1874 et
2768 1808 3044 1895 patellae

475 1930 540 1981 et
590 1936 768 2005 parte
817 1918 1022 1995 basali
1071 1920 1226 1981 tarsi
1279 1917 1748 2004 pallidioribuS.
1797 1918 2031 1999 badiis3
2079 1919 2354 2005 patellae
2428 1918 2713 2004 reliquae
2768 1926 3044 2001 utroque

475 2023 678 2089 latere
725 2038 786 2089 et
836 2024 1008 2089 linesi
1055 2025 1263 2089 medici
1329 2024 1613 2088 dorsuali
1677 2026 1769 2089 (in
1839 2025 2111 2107 pedibus
2176 2025 2263 2090 ΙΙ.
2328 2025 2743 2107 brevissima)
2812 2022 3043 2103 fuscis;

478 2130 674 2195 tibiae
723 2144 996 2218 utroque
1041 2132 1244 2196 latere
1291 2131 1438 2219 plus
1487 2134 1788 2197 minusve
1835 2133 2089 2197 fortiter
2136 2134 2481 2197 infuscare.
2529 2130 2871 2196 fuscedine
2901 2128 3043 2194 basi

475 2250 540 2301 et
587 2239 772 2324 apice
832 2238 1210 2303 obscuriore
1274 2252 1334 2302 et
1397 2238 1672 2303 annulos
1737 2238 1881 2325 plus
1946 2240 2247 2305 minusve
2310 2239 2645 2305 evidentes
2712 2237 3044 2315 formanti3

475 2367 700 2409 earum
749 2345 1012 2409 dorsum
1063 2344 1234 2409 linea
1283 2346 1496 2410 media
1543 2346 1724 2409 fusce}
1776 2346 2183 2431 incompleta„
2234 2369 2463 2433 parum
2498 2350 2806 2433 expressa
2856 2366 3045 2407 orna-

479 2465 610 2533 tur3
659 2454 984 2517 met-atarsi
1039 2452 1174 2515 basi
1225 2453 1437 2518 latius,
1485 2455 1668 2539 apice
1717 2455 2076 2536 angustiust
2112 2454 2295 2517 fusco
2344 2467 2456 2518 aut
2510 2455 2699 2538 nigro
2732 2450 3047 2516 annulati·

613 2560 1032 2623 Feminarum
1097 2559 1502 2625 Cretensium
1575 2559 1821 2623 femora
1889 2560 1940 2624 Ι.
2012 2572 2074 2625 et
2142 2561 2229 2625 ΙΙ.
2300 2560 2579 2623 similem
2640 2561 2709 2622 in
2781 2558 3042 2623 modum

479 2667 652 2751 picta
699 2680 892 2752 atque
941 2666 1190 2730 femora
1235 2668 1340 2750 IL,
1389 2666 1636 2731 femora
1682 2669 2042 2753 posteriora
2088 2668 2329 2731 similia
2374 2667 2733 2731 femoribus
2782 2687 3045 2751 respon-

479 2773 782 2837 dentibus
833 2774 1046 2837 maris.
1095 2772 1434 2837 fuscedine
1483 2774 1685 2839 basali
1721 2775 1788 2837 in
1815 2774 2091 2860 pedibus
2139 2775 2263 2839 III.
2288 2785 2349 2839 et
2375 2775 2491 2838 IV.
2539 2775 2749 2858 magis
2810 2794 3045 2859 aequa-

482 2880 594 2945 bili
643 2882 736 2959 (in
787 2880 1077 2945 maculas
1127 2880 1314 2945 binas
1363 2904 1488 2945 non
1539 2881 1842 2962 divulsa),
1904 2881 2154 2945 umbris
2218 2883 2483 2967 posticis
2532 2880 2885 2947 eorundem
2932 2902 3045 2967 pe·-

481 2986 632 3050 dum
685 3010 912 3073 parum
961 2989 1286 3073 expressis
1335 2997 1446 3051 aut
1493 2988 1822 3069 obsoletis;
1873 2989 2149 3075 patellae
2169 2990 2307 3053 basi
2338 3010 2532 3075 supra
2579 3000 2642 3053 et
2674 2990 2739 3050 in
2777 2998 3045 3073 utroque

479 3092 678 3158 latere
725 3106 966 3180 puncto
1014 3093 1198 3157 fusco
1246 3106 1528 3177 ornatae}
1591 3096 1658 3157 in
1726 3094 2040 3160 lateribus
2104 3098 2355 3182 apicem
2422 3118 2652 3160 versus
2714 3093 2860 3181 plus
2925 3092 3045 3155 mi-

481 3222 688 3264 nusve
735 3200 1078 3265 manifeste
1127 3202 1216 3282 (in
1267 3201 1542 3285 pedibus
1591 3202 1706 3265 IV.
1754 3204 2012 3287 parum')
2058 3201 2667 3276 fusco-maculatam
2735 3201 2933 3265 tibiae
2982 3212 3046 3264 et

481 3309 810 3371 metatarsi
860 3322 1088 3371 ornata
1134 3308 1392 3371 annulis
1441 3307 1640 3371 binis:
1689 3307 1893 3372 basali
1944 3320 2007 3372 et
2056 3309 2415 3397 subapicali
2467 3310 2559 3391 (in
2608 3308 2783 3372 tibiis
2834 3320 3043 3393 poste-

481 3414 784 3478 rioribus]
831 3426 944 3477 aut·
989 3413 1244 3499 spiculi.
1295 3414 1636 3479 fuscedine
1685 3417 1855 3479 inter
1901 3439 1971 3480 se
2018 3417 2381 3480 coniunctis
2428 3428 2493 3481 et
2538 3415 2830 3481 confusis
2855 3414 3044 3477 modo

481 3523 548 3584 in
595 3520 794 3585 latere
841 3523 1088 3606 postico
1135 3521 1446 3584 tibiarum
1498 3522 1543 3585 Ι.
1597 3534 1660 3586 et.
1706 3522 1792 3586 ΙΙ.
1841 3562 1927 3570 —
1975 3522 2136 3586 Tota
2202 3522 2363 3587 haec
2430 3524 2685 3609 pictura
2733 3522 2876 3609 plus
2924 3523 3043 3584 mi-

482 3650 688 3691 nusve
735 3649 1060 3712 expressa.

613 3736 898 3820 Epiyyne
945 3736 1287 3815 insigniter
1337 3735 1643 3800 distincta
1698 3736 1961 3800 videtur
2023 3738 2105 3801 ab
2170 3738 2455 3824 epigynfi
2518 3736 2885 3800 Habrocesti
2924 3758 3045 3819 pa-

477 3842 843 3924 pilionacei:
889 3864 924 3904 e
973 3841 1224 3907 lamella
1278 3853 1524 3906 constat
1595 3843 1826 3907 levit-er
1895 3848 2204 3925 convexit,
2275 3842 2511 3907 albida.
2575 3844 2639 3905 in
2707 3854 2885 3929 parte
2930 3864 3045 3928 po-

481 3952 718 4011 strema
765 3952 1016 4013 cornea.
1063 3946 1246 4012 fulva
1293 3949 1592 4029 (maculis
1638 3950 1894 4013 duabus
1942 3949 2491 4013 translucentibus
2540 3950 2795 4031 magnis
2839 3950 3045 4034 nigri-

482 4055 782 4119 cantibus
827 4054 1124 4141 oblongis
1171 4056 1386 4142 picta&
1433 4054 1678 4139 glabra.
1726 4055 2151 4119 subtilissime
2199 4058 2871 4142 impresso-punctam,
2939 4057 3045 4120 04

481 4160 692 4241 longa.
738 4163 886 4226 0233
935 4162 1090 4241 latfu
1138 4161 1399 4226 lamella
1467 4162 1622 4225 haec
1695 4166 1760 4225 in
1835 4173 2105 4248 utroque
2176 4162 2377 4226 latere
2446 4165 2740 4248 margine
2811 4184 3045 4225 corneo

481 4267 804 4333 definitur.
851 4268 934 4332 ad
982 4292 1174 4355 quem
1221 4268 1436 4356 paullo
1486 4271 1802 4355 impressa
1847 4284 1968 4347 est3
2041 4269 2229 4333 ambo
2294 4271 2637 4355 umrginvS.
2702 4270 3045 4353 insigniter

481 4376 825 4459 incurvati,
871 4398 1034 4461 pone
1082 4387 1481 4440 evanescunt
1523 4398 1725 4462 prope
1773 4401 1810 4439 a
1861 4380 2151 4461 margine
2199 4377 2443 4463 postico
2490 4379 2825 4465 epigynae,
2876 4377 3047 4439 inter

481 4504 550 4545 se
599 4504 724 4545 non
775 4493 1024 4547 coeunt.
1073 4494 1220 4546 ante
1271 4506 1424 4546 vero
1473 4485 1648 4545 intus
1696 4498 1756 4545 et
1805 4484 2084 4569 denique
2132 4484 2351 4569 paullo
2400 4495 2569 4548 retro
2596 4484 2826 4547 directi
2862 4483 3046 4547 debi-

483 4588 674 4653 liores
721 4588 982 4675 quidem
1033 4589 1211 4673 fiuut‚
1260 4589 1372 4651 sed
1421 4612 1546 4652 non
1597 4589 1964 4654 abbreviati
2013 4591 2079 4653 in
2145 4590 2457 4677 angulum
2522 4590 2824 4653 obtusum
2890 4612 3047 4653 con-

483 4696 864 4780 iunguntur;
913 4695 1170 4759 lamella
1217 4696 1430 4782 itaque
1480 4696 1889 4761 coi-diformis
1941 4697 2068 4761 dici
2118 4709 2340 4783 potest.
2388 4720 2551 4783 pone
2590 4698 2713 4760 late
2744 4710 3045 4761 truncata

479 4814 542 4865 et
589 4804 656 4866 in
707 4801 919 4865 medio
966 4804 1032 4865 in
1083 4804 1293 4866 sinum
1347 4804 1737 4868 mediocrem
1785 4804 2291 4887 obtusangulum
2356 4805 2592 4869 excisa.
2686 4804 2847 4867 Pars
2910 4806 3047 4891 epi-
